{
  "pairs": {
    "amplunc-cwlunc": [
      {
        "amount": 60000.0,
        "baseAmount": 77117.468166,
        "baseSymbol": "CWLUNC",
        "executionType": "direct",
        "pairId": "amplunc-cwlunc",
        "price": 1.2852911361000001,
        "sourceContract": "terra12gkp648mkgj6esr5y6dwc2q4mftnfzk2pudka8",
        "sourcePairId": "amplunc-cwlunc-ref-1",
        "sourceType": "reference",
        "timestamp": "2026-05-09T20:19:49Z",
        "tokenAmount": 60000.0,
        "tokenSymbol": "AMPLUNC",
        "txhash": "545D23E6DA70DC79791F66EC7D97DAAD16AD5F6A0DD3766577038F4F6E825B8A",
        "type": "SELL",
        "value": 77117.468166,
        "wallet": "terra1gqen4nmatzkgemacvzvhcrmdm9dxp955ent90w"
      },
      {
        "amount": 4000.0,
        "baseAmount": 5264.071673,
        "baseSymbol": "CWLUNC",
        "executionType": "direct",
        "pairId": "amplunc-cwlunc",
        "price": 1.31601791825,
        "sourceContract": "terra12gkp648mkgj6esr5y6dwc2q4mftnfzk2pudka8",
        "sourcePairId": "amplunc-cwlunc-ref-1",
        "sourceType": "reference",
        "timestamp": "2026-05-09T20:18:56Z",
        "tokenAmount": 4000.0,
        "tokenSymbol": "AMPLUNC",
        "txhash": "E0E2FEF2E711A2C95FB9824384EEEBBAF3F085B707CCE59850D9A59B1F942137",
        "type": "SELL",
        "value": 5264.071673,
        "wallet": "terra1gqen4nmatzkgemacvzvhcrmdm9dxp955ent90w"
      },
      {
        "amount": 38248.296976,
        "baseAmount": 50000.0,
        "baseSymbol": "CWLUNC",
        "executionType": "direct",
        "pairId": "amplunc-cwlunc",
        "price": 1.3072477457329394,
        "sourceContract": "terra12gkp648mkgj6esr5y6dwc2q4mftnfzk2pudka8",
        "sourcePairId": "amplunc-cwlunc-ref-1",
        "sourceType": "reference",
        "timestamp": "2026-05-09T20:18:27Z",
        "tokenAmount": 38248.296976,
        "tokenSymbol": "AMPLUNC",
        "txhash": "B70BF90A718DA0AF56870A799B2A8F545F2B1CC025E3EEC526E105D3B3A2C931",
        "type": "BUY",
        "value": 50000.0,
        "wallet": "terra1zafpjz7h4x9cd8n5rf9lxz7tru352taxtl8jeu"
      },
      {
        "amount": 7070.574964,
        "baseAmount": 9048.2418,
        "baseSymbol": "CWLUNC",
        "executionType": "direct",
        "pairId": "amplunc-cwlunc",
        "price": 1.2797038212690393,
        "sourceContract": "terra1r8k9pea8wmt93l703azhs82kpjva0cpq8tq5at",
        "sourcePairId": "amplunc-cwlunc-ref-3",
        "sourceType": "reference",
        "timestamp": "2026-05-09T19:01:54Z",
        "tokenAmount": 7070.574964,
        "tokenSymbol": "AMPLUNC",
        "txhash": "54179865EED8DA0F48FB7116A11ACF90CEB66AD0D220579BB16F3D483C806A8B",
        "type": "BUY",
        "value": 9048.2418,
        "wallet": "terra1q7a9kg5xusufjfjp3v8ghsc7urfrlj8m99hlwh"
      },
      {
        "amount": 9256.53302,
        "baseAmount": 11889.051171,
        "baseSymbol": "CWLUNC",
        "executionType": "direct",
        "pairId": "amplunc-cwlunc",
        "price": 1.28439569602486,
        "sourceContract": "terra12gkp648mkgj6esr5y6dwc2q4mftnfzk2pudka8",
        "sourcePairId": "amplunc-cwlunc-ref-1",
        "sourceType": "reference",
        "timestamp": "2026-05-09T14:50:34Z",
        "tokenAmount": 9256.53302,
        "tokenSymbol": "AMPLUNC",
        "txhash": "67BEF440D473A9C1C13BF97A5AF19143741CC7B2DEB3320D8A24B41ACBD33D3A",
        "type": "BUY",
        "value": 11889.051171,
        "wallet": "terra1g3zc8lwwmkrm0cz9wkgl849pdqaw6cq8lh7872"
      },
      {
        "amount": 3422.231189,
        "baseAmount": 4359.734989,
        "baseSymbol": "CWLUNC",
        "executionType": "direct",
        "pairId": "amplunc-cwlunc",
        "price": 1.2739451978035257,
        "sourceContract": "terra12gkp648mkgj6esr5y6dwc2q4mftnfzk2pudka8",
        "sourcePairId": "amplunc-cwlunc-ref-1",
        "sourceType": "reference",
        "timestamp": "2026-05-09T05:48:12Z",
        "tokenAmount": 3422.231189,
        "tokenSymbol": "AMPLUNC",
        "txhash": "040B9AD0CCAC7D3D6B24C21681FF018C2256CB503FFDC0460CF1C308080D4703",
        "type": "SELL",
        "value": 4359.734989,
        "wallet": "terra1g3zc8lwwmkrm0cz9wkgl849pdqaw6cq8lh7872"
      },
      {
        "amount": 8214.987702,
        "baseAmount": 10510.029183,
        "baseSymbol": "CWLUNC",
        "executionType": "direct",
        "pairId": "amplunc-cwlunc",
        "price": 1.2793724792115337,
        "sourceContract": "terra12gkp648mkgj6esr5y6dwc2q4mftnfzk2pudka8",
        "sourcePairId": "amplunc-cwlunc-ref-1",
        "sourceType": "reference",
        "timestamp": "2026-05-08T21:44:53Z",
        "tokenAmount": 8214.987702,
        "tokenSymbol": "AMPLUNC",
        "txhash": "B5EAB2BE4BD9C5F5B985DE2B0748ECBCE25AAD098910482F3D38EF927F27079B",
        "type": "BUY",
        "value": 10510.029183,
        "wallet": "terra1q7a9kg5xusufjfjp3v8ghsc7urfrlj8m99hlwh"
      },
      {
        "amount": 1551.65205,
        "baseAmount": 1978.0222,
        "baseSymbol": "CWLUNC",
        "executionType": "direct",
        "pairId": "amplunc-cwlunc",
        "price": 1.2747846400228713,
        "sourceContract": "terra12gkp648mkgj6esr5y6dwc2q4mftnfzk2pudka8",
        "sourcePairId": "amplunc-cwlunc-ref-1",
        "sourceType": "reference",
        "timestamp": "2026-05-08T17:59:23Z",
        "tokenAmount": 1551.65205,
        "tokenSymbol": "AMPLUNC",
        "txhash": "FC4F2F0943DB1C2F9A7C66468265D40C23666BFCD805BCBCD3B50AFF6E6A2A8C",
        "type": "BUY",
        "value": 1978.0222,
        "wallet": "terra1g3zc8lwwmkrm0cz9wkgl849pdqaw6cq8lh7872"
      },
      {
        "amount": 239.223122,
        "baseAmount": 302.984642,
        "baseSymbol": "CWLUNC",
        "executionType": "direct",
        "pairId": "amplunc-cwlunc",
        "price": 1.2665357740795642,
        "sourceContract": "terra12gkp648mkgj6esr5y6dwc2q4mftnfzk2pudka8",
        "sourcePairId": "amplunc-cwlunc-ref-1",
        "sourceType": "reference",
        "timestamp": "2026-05-08T13:54:39Z",
        "tokenAmount": 239.223122,
        "tokenSymbol": "AMPLUNC",
        "txhash": "3CF5493110DEF7BD75D1348536AEF3C3FC8ACE965777DA9955230222FDE92794",
        "type": "SELL",
        "value": 302.984642,
        "wallet": "terra10fsmdspfdukffwv0lrjm6gc9w3fcrl9fe076cl"
      },
      {
        "amount": 4338.122693,
        "baseAmount": 5503.587662,
        "baseSymbol": "CWLUNC",
        "executionType": "direct",
        "pairId": "amplunc-cwlunc",
        "price": 1.2686565252939008,
        "sourceContract": "terra12gkp648mkgj6esr5y6dwc2q4mftnfzk2pudka8",
        "sourcePairId": "amplunc-cwlunc-ref-1",
        "sourceType": "reference",
        "timestamp": "2026-05-07T14:40:16Z",
        "tokenAmount": 4338.122693,
        "tokenSymbol": "AMPLUNC",
        "txhash": "A7DB39D75434084117ACE4828DD74F5ED6236BAC10C5A7D41E5BA7D73C558DEC",
        "type": "SELL",
        "value": 5503.587662,
        "wallet": "terra1zafpjz7h4x9cd8n5rf9lxz7tru352taxtl8jeu"
      },
      {
        "amount": 12067.109753,
        "baseAmount": 15494.182855,
        "baseSymbol": "CWLUNC",
        "executionType": "direct",
        "pairId": "amplunc-cwlunc",
        "price": 1.2840011545555052,
        "sourceContract": "terra12gkp648mkgj6esr5y6dwc2q4mftnfzk2pudka8",
        "sourcePairId": "amplunc-cwlunc-ref-2",
        "sourceType": "reference",
        "timestamp": "2026-05-07T05:28:30Z",
        "tokenAmount": 12067.109753,
        "tokenSymbol": "AMPLUNC",
        "txhash": "4A82A2F07B36ED9666DBFB41EB4A2EA0137286DC12484BD53605F6E9A4018E40",
        "type": "BUY",
        "value": 15494.182855,
        "wallet": "terra1g3zc8lwwmkrm0cz9wkgl849pdqaw6cq8lh7872"
      },
      {
        "amount": 4481.512491,
        "baseAmount": 5703.745473,
        "baseSymbol": "CWLUNC",
        "executionType": "direct",
        "pairId": "amplunc-cwlunc",
        "price": 1.2727277865351374,
        "sourceContract": "terra12gkp648mkgj6esr5y6dwc2q4mftnfzk2pudka8",
        "sourcePairId": "amplunc-cwlunc-ref-2",
        "sourceType": "reference",
        "timestamp": "2026-05-07T05:07:52Z",
        "tokenAmount": 4481.512491,
        "tokenSymbol": "AMPLUNC",
        "txhash": "F59DA5F1A00CC23F4B70BDA9AD808FE3F8BE416ECCC3FEF24E5D07BAC05240AA",
        "type": "SELL",
        "value": 5703.745473,
        "wallet": "terra1zafpjz7h4x9cd8n5rf9lxz7tru352taxtl8jeu"
      },
      {
        "amount": 8030.901398,
        "baseAmount": 10269.383394,
        "baseSymbol": "CWLUNC",
        "executionType": "direct",
        "pairId": "amplunc-cwlunc",
        "price": 1.2787335922910805,
        "sourceContract": "terra12gkp648mkgj6esr5y6dwc2q4mftnfzk2pudka8",
        "sourcePairId": "amplunc-cwlunc-ref-2",
        "sourceType": "reference",
        "timestamp": "2026-05-07T01:49:16Z",
        "tokenAmount": 8030.901398,
        "tokenSymbol": "AMPLUNC",
        "txhash": "FBCA9CBF18C0590C08F7B323F4B3101B432D311A6A6C20F2F3F4E85114114973",
        "type": "BUY",
        "value": 10269.383394,
        "wallet": "terra1q7a9kg5xusufjfjp3v8ghsc7urfrlj8m99hlwh"
      },
      {
        "amount": 5673.676299,
        "baseAmount": 7191.863827,
        "baseSymbol": "CWLUNC",
        "executionType": "direct",
        "pairId": "amplunc-cwlunc",
        "price": 1.267584445779465,
        "sourceContract": "terra1r8k9pea8wmt93l703azhs82kpjva0cpq8tq5at",
        "sourcePairId": "amplunc-cwlunc-ref-3",
        "sourceType": "reference",
        "timestamp": "2026-05-07T01:00:57Z",
        "tokenAmount": 5673.676299,
        "tokenSymbol": "AMPLUNC",
        "txhash": "C86D99163C226483CABB5E953837D538F6E887BE93E93489E9CFE19BE81D0833",
        "type": "BUY",
        "value": 7191.863827,
        "wallet": "terra1q7a9kg5xusufjfjp3v8ghsc7urfrlj8m99hlwh"
      },
      {
        "amount": 9182.769957,
        "baseAmount": 11668.405311,
        "baseSymbol": "CWLUNC",
        "executionType": "direct",
        "pairId": "amplunc-cwlunc",
        "price": 1.270684702506917,
        "sourceContract": "terra12gkp648mkgj6esr5y6dwc2q4mftnfzk2pudka8",
        "sourcePairId": "amplunc-cwlunc-ref-2",
        "sourceType": "reference",
        "timestamp": "2026-05-06T14:21:09Z",
        "tokenAmount": 9182.769957,
        "tokenSymbol": "AMPLUNC",
        "txhash": "A7A13212517E652AF690F4A0509683D3A3BBFF8E14C04BACA3A908A520603E03",
        "type": "BUY",
        "value": 11668.405311,
        "wallet": "terra1g3zc8lwwmkrm0cz9wkgl849pdqaw6cq8lh7872"
      },
      {
        "amount": 1580.177192,
        "baseAmount": 2000.0,
        "baseSymbol": "CWLUNC",
        "executionType": "direct",
        "pairId": "amplunc-cwlunc",
        "price": 1.2656808427089359,
        "sourceContract": "terra12gkp648mkgj6esr5y6dwc2q4mftnfzk2pudka8",
        "sourcePairId": "amplunc-cwlunc-ref-2",
        "sourceType": "reference",
        "timestamp": "2026-05-06T08:13:58Z",
        "tokenAmount": 1580.177192,
        "tokenSymbol": "AMPLUNC",
        "txhash": "2C6E9DA70FDE27D63813C002A88CD44D6B0A9785B283C388C3110DE4CEA1B8B7",
        "type": "BUY",
        "value": 2000.0,
        "wallet": "terra1g3zc8lwwmkrm0cz9wkgl849pdqaw6cq8lh7872"
      },
      {
        "amount": 8700.231471,
        "baseAmount": 11265.701126,
        "baseSymbol": "CWLUNC",
        "executionType": "direct",
        "pairId": "amplunc-cwlunc",
        "price": 1.294873724170597,
        "sourceContract": "terra132qwlqxffksjfg6ntzp4m5786lrlmgrufzx5c6",
        "sourcePairId": "amplunc-cwlunc-ref-1",
        "sourceType": "reference",
        "timestamp": "2026-05-06T00:35:41Z",
        "tokenAmount": 8700.231471,
        "tokenSymbol": "AMPLUNC",
        "txhash": "CAF5C55485367B09A7C6CDAF4FACC1CE55F4808BFE109177FAE74129DD9A595A",
        "type": "SELL",
        "value": 11265.701126,
        "wallet": "terra1ydeh9exz82qrzw82ycjr6n462u5ldt8m8qt4rh"
      },
      {
        "amount": 2314.317543,
        "baseAmount": 2912.406911,
        "baseSymbol": "CWLUNC",
        "executionType": "direct",
        "pairId": "amplunc-cwlunc",
        "price": 1.2584301233030923,
        "sourceContract": "terra12gkp648mkgj6esr5y6dwc2q4mftnfzk2pudka8",
        "sourcePairId": "amplunc-cwlunc-ref-2",
        "sourceType": "reference",
        "timestamp": "2026-05-05T23:48:38Z",
        "tokenAmount": 2314.317543,
        "tokenSymbol": "AMPLUNC",
        "txhash": "ABD6B4BFDBB6C7179ACDA7E986965810D1A96C936072D037FCB7AA49BBC8134F",
        "type": "SELL",
        "value": 2912.406911,
        "wallet": "terra1g3zc8lwwmkrm0cz9wkgl849pdqaw6cq8lh7872"
      },
      {
        "amount": 1814.770048,
        "baseAmount": 2287.203277,
        "baseSymbol": "CWLUNC",
        "executionType": "direct",
        "pairId": "amplunc-cwlunc",
        "price": 1.2603267722655294,
        "sourceContract": "terra12gkp648mkgj6esr5y6dwc2q4mftnfzk2pudka8",
        "sourcePairId": "amplunc-cwlunc-ref-2",
        "sourceType": "reference",
        "timestamp": "2026-05-05T22:58:22Z",
        "tokenAmount": 1814.770048,
        "tokenSymbol": "AMPLUNC",
        "txhash": "4CC0B2715A2EFE4C1DBF2C1E6BC5E2D7EA338024E0EC0A99D1F82366D6E72981",
        "type": "SELL",
        "value": 2287.203277,
        "wallet": "terra1g3zc8lwwmkrm0cz9wkgl849pdqaw6cq8lh7872"
      },
      {
        "amount": 8785.904222,
        "baseAmount": 11401.601944,
        "baseSymbol": "CWLUNC",
        "executionType": "direct",
        "pairId": "amplunc-cwlunc",
        "price": 1.2977152556990394,
        "sourceContract": "terra132qwlqxffksjfg6ntzp4m5786lrlmgrufzx5c6",
        "sourcePairId": "amplunc-cwlunc-ref-1",
        "sourceType": "reference",
        "timestamp": "2026-05-05T22:55:31Z",
        "tokenAmount": 8785.904222,
        "tokenSymbol": "AMPLUNC",
        "txhash": "589D3CEF7385E1315D5E0D5466DCDAAB1A9516CA927267AFA162AB6F8D5532E3",
        "type": "SELL",
        "value": 11401.601944,
        "wallet": "terra1ydeh9exz82qrzw82ycjr6n462u5ldt8m8qt4rh"
      },
      {
        "amount": 8642.428005,
        "baseAmount": 11239.96792,
        "baseSymbol": "CWLUNC",
        "executionType": "direct",
        "pairId": "amplunc-cwlunc",
        "price": 1.3005567316843387,
        "sourceContract": "terra132qwlqxffksjfg6ntzp4m5786lrlmgrufzx5c6",
        "sourcePairId": "amplunc-cwlunc-ref-1",
        "sourceType": "reference",
        "timestamp": "2026-05-05T19:53:01Z",
        "tokenAmount": 8642.428005,
        "tokenSymbol": "AMPLUNC",
        "txhash": "ED2DAF41E8CEA00DB827256DDD0BF349ACF4E116088018AC0165BB4D61ED3455",
        "type": "SELL",
        "value": 11239.96792,
        "wallet": "terra1ydeh9exz82qrzw82ycjr6n462u5ldt8m8qt4rh"
      },
      {
        "amount": 1672.957672,
        "baseAmount": 2178.59858,
        "baseSymbol": "CWLUNC",
        "executionType": "direct",
        "pairId": "amplunc-cwlunc",
        "price": 1.302243694782494,
        "sourceContract": "terra132qwlqxffksjfg6ntzp4m5786lrlmgrufzx5c6",
        "sourcePairId": "amplunc-cwlunc-ref-1",
        "sourceType": "reference",
        "timestamp": "2026-05-05T19:11:04Z",
        "tokenAmount": 1672.957672,
        "tokenSymbol": "AMPLUNC",
        "txhash": "F7B24BEC3C6A4C8BC440B4F5237F09B1F9135B6D8235C65F49A7B83033DC42D7",
        "type": "SELL",
        "value": 2178.59858,
        "wallet": "terra1ydeh9exz82qrzw82ycjr6n462u5ldt8m8qt4rh"
      },
      {
        "amount": 5669.909638,
        "baseAmount": 7143.82997,
        "baseSymbol": "CWLUNC",
        "executionType": "direct",
        "pairId": "amplunc-cwlunc",
        "price": 1.2599548187014686,
        "sourceContract": "terra1r8k9pea8wmt93l703azhs82kpjva0cpq8tq5at",
        "sourcePairId": "amplunc-cwlunc-ref-3",
        "sourceType": "reference",
        "timestamp": "2026-05-05T17:54:43Z",
        "tokenAmount": 5669.909638,
        "tokenSymbol": "AMPLUNC",
        "txhash": "4F500A62719A17A9A7B47603997D93EF255A09758DEEAF28900BB570A58752E0",
        "type": "SELL",
        "value": 7143.82997,
        "wallet": "terra1q7a9kg5xusufjfjp3v8ghsc7urfrlj8m99hlwh"
      },
      {
        "amount": 6699.488223,
        "baseAmount": 8469.821885,
        "baseSymbol": "CWLUNC",
        "executionType": "direct",
        "pairId": "amplunc-cwlunc",
        "price": 1.2642490893442084,
        "sourceContract": "terra12gkp648mkgj6esr5y6dwc2q4mftnfzk2pudka8",
        "sourcePairId": "amplunc-cwlunc-ref-2",
        "sourceType": "reference",
        "timestamp": "2026-05-05T17:24:56Z",
        "tokenAmount": 6699.488223,
        "tokenSymbol": "AMPLUNC",
        "txhash": "8AD9B712FE8677E4FA5367204C714C76CEB53FAD71B439665FEA7AE617F8951F",
        "type": "SELL",
        "value": 8469.821885,
        "wallet": "terra1q7a9kg5xusufjfjp3v8ghsc7urfrlj8m99hlwh"
      },
      {
        "amount": 6339.856204,
        "baseAmount": 8053.482515,
        "baseSymbol": "CWLUNC",
        "executionType": "direct",
        "pairId": "amplunc-cwlunc",
        "price": 1.2702941921488413,
        "sourceContract": "terra12gkp648mkgj6esr5y6dwc2q4mftnfzk2pudka8",
        "sourcePairId": "amplunc-cwlunc-ref-2",
        "sourceType": "reference",
        "timestamp": "2026-05-05T17:05:19Z",
        "tokenAmount": 6339.856204,
        "tokenSymbol": "AMPLUNC",
        "txhash": "729CAE25116FA2373D00736153CC423489BF90E4D3DE91071D2755651DAA8CFD",
        "type": "SELL",
        "value": 8053.482515,
        "wallet": "terra1q7a9kg5xusufjfjp3v8ghsc7urfrlj8m99hlwh"
      },
      {
        "amount": 280.381236,
        "baseAmount": 357.032556,
        "baseSymbol": "CWLUNC",
        "executionType": "direct",
        "pairId": "amplunc-cwlunc",
        "price": 1.273382488405893,
        "sourceContract": "terra12gkp648mkgj6esr5y6dwc2q4mftnfzk2pudka8",
        "sourcePairId": "amplunc-cwlunc-ref-2",
        "sourceType": "reference",
        "timestamp": "2026-05-05T15:42:56Z",
        "tokenAmount": 280.381236,
        "tokenSymbol": "AMPLUNC",
        "txhash": "2C4C4D23FD768D6619A0A83DF27EDEE773394580B304FB6408FBC788270F0417",
        "type": "SELL",
        "value": 357.032556,
        "wallet": "terra10fsmdspfdukffwv0lrjm6gc9w3fcrl9fe076cl"
      },
      {
        "amount": 6862.140841,
        "baseAmount": 8761.044286,
        "baseSymbol": "CWLUNC",
        "executionType": "direct",
        "pairId": "amplunc-cwlunc",
        "price": 1.2767217241672466,
        "sourceContract": "terra12gkp648mkgj6esr5y6dwc2q4mftnfzk2pudka8",
        "sourcePairId": "amplunc-cwlunc-ref-2",
        "sourceType": "reference",
        "timestamp": "2026-05-04T23:22:02Z",
        "tokenAmount": 6862.140841,
        "tokenSymbol": "AMPLUNC",
        "txhash": "5A0483335E411BB2408DC22BE0CCA447E041A00BEE985EAF9D80F3202D9D294D",
        "type": "SELL",
        "value": 8761.044286,
        "wallet": "terra1q7a9kg5xusufjfjp3v8ghsc7urfrlj8m99hlwh"
      },
      {
        "amount": 6751.765044,
        "baseAmount": 8663.37852,
        "baseSymbol": "CWLUNC",
        "executionType": "direct",
        "pairId": "amplunc-cwlunc",
        "price": 1.2831279618799485,
        "sourceContract": "terra12gkp648mkgj6esr5y6dwc2q4mftnfzk2pudka8",
        "sourcePairId": "amplunc-cwlunc-ref-2",
        "sourceType": "reference",
        "timestamp": "2026-05-04T21:34:51Z",
        "tokenAmount": 6751.765044,
        "tokenSymbol": "AMPLUNC",
        "txhash": "B9B8EC8C3E3D12E8F633C92A67F692BEB8449F99ADDC1AFFA888CE8DF5CE3DF2",
        "type": "SELL",
        "value": 8663.37852,
        "wallet": "terra1q7a9kg5xusufjfjp3v8ghsc7urfrlj8m99hlwh"
      },
      {
        "amount": 4192.344349,
        "baseAmount": 5401.053906,
        "baseSymbol": "CWLUNC",
        "executionType": "direct",
        "pairId": "amplunc-cwlunc",
        "price": 1.2883135201640374,
        "sourceContract": "terra12gkp648mkgj6esr5y6dwc2q4mftnfzk2pudka8",
        "sourcePairId": "amplunc-cwlunc-ref-2",
        "sourceType": "reference",
        "timestamp": "2026-05-04T18:55:41Z",
        "tokenAmount": 4192.344349,
        "tokenSymbol": "AMPLUNC",
        "txhash": "A68EA7FDF01E57729572707FDC5A106FEFF440ED0BDB64158DD5FB486777EF69",
        "type": "SELL",
        "value": 5401.053906,
        "wallet": "terra10fsmdspfdukffwv0lrjm6gc9w3fcrl9fe076cl"
      },
      {
        "amount": 6608.147877,
        "baseAmount": 8547.379855,
        "baseSymbol": "CWLUNC",
        "executionType": "direct",
        "pairId": "amplunc-cwlunc",
        "price": 1.293460741813844,
        "sourceContract": "terra12gkp648mkgj6esr5y6dwc2q4mftnfzk2pudka8",
        "sourcePairId": "amplunc-cwlunc-ref-2",
        "sourceType": "reference",
        "timestamp": "2026-05-04T17:52:43Z",
        "tokenAmount": 6608.147877,
        "tokenSymbol": "AMPLUNC",
        "txhash": "8AA3124E22153C23925C23CD9B03BCED43CE69E2D1EA360AB52E363699DB578F",
        "type": "SELL",
        "value": 8547.379855,
        "wallet": "terra1q7a9kg5xusufjfjp3v8ghsc7urfrlj8m99hlwh"
      },
      {
        "amount": 10559.431121,
        "baseAmount": 13745.287381,
        "baseSymbol": "CWLUNC",
        "executionType": "direct",
        "pairId": "amplunc-cwlunc",
        "price": 1.3017071870154207,
        "sourceContract": "terra12gkp648mkgj6esr5y6dwc2q4mftnfzk2pudka8",
        "sourcePairId": "amplunc-cwlunc-ref-2",
        "sourceType": "reference",
        "timestamp": "2026-05-04T14:11:49Z",
        "tokenAmount": 10559.431121,
        "tokenSymbol": "AMPLUNC",
        "txhash": "54B13C6507EAC41050FB235033D72619AD33F987473C775195E588DA1F77BF52",
        "type": "SELL",
        "value": 13745.287381,
        "wallet": "terra1q7a9kg5xusufjfjp3v8ghsc7urfrlj8m99hlwh"
      },
      {
        "amount": 38341.425261,
        "baseAmount": 50000.0,
        "baseSymbol": "CWLUNC",
        "executionType": "direct",
        "pairId": "amplunc-cwlunc",
        "price": 1.3040725445034207,
        "sourceContract": "terra132qwlqxffksjfg6ntzp4m5786lrlmgrufzx5c6",
        "sourcePairId": "amplunc-cwlunc-ref-1",
        "sourceType": "reference",
        "timestamp": "2026-05-04T14:11:44Z",
        "tokenAmount": 38341.425261,
        "tokenSymbol": "AMPLUNC",
        "txhash": "56364F6270F73EE8F8B4CE0D3A4764AEA6C6F15C8D34F2838B6D49A6A59FFC9E",
        "type": "BUY",
        "value": 50000.0,
        "wallet": "terra1gygragtv7rhv86scnq4lkw0kw499939qer9ur5"
      },
      {
        "amount": 6088.439023,
        "baseAmount": 7738.558612,
        "baseSymbol": "CWLUNC",
        "executionType": "direct",
        "pairId": "amplunc-cwlunc",
        "price": 1.2710250661567641,
        "sourceContract": "terra1r8k9pea8wmt93l703azhs82kpjva0cpq8tq5at",
        "sourcePairId": "amplunc-cwlunc-ref-3",
        "sourceType": "reference",
        "timestamp": "2026-05-04T12:55:36Z",
        "tokenAmount": 6088.439023,
        "tokenSymbol": "AMPLUNC",
        "txhash": "D423FC99EA0897475D3625D9A72D8EA21F420BE783176A32FAEF2C49DCE110F1",
        "type": "SELL",
        "value": 7738.558612,
        "wallet": "terra1q7a9kg5xusufjfjp3v8ghsc7urfrlj8m99hlwh"
      },
      {
        "amount": 7176.563327,
        "baseAmount": 9138.542178,
        "baseSymbol": "CWLUNC",
        "executionType": "direct",
        "pairId": "amplunc-cwlunc",
        "price": 1.2733869627567491,
        "sourceContract": "terra12gkp648mkgj6esr5y6dwc2q4mftnfzk2pudka8",
        "sourcePairId": "amplunc-cwlunc-ref-2",
        "sourceType": "reference",
        "timestamp": "2026-05-04T11:55:49Z",
        "tokenAmount": 7176.563327,
        "tokenSymbol": "AMPLUNC",
        "txhash": "0E392ED0C7ECE478BC36249A8C027990DE686D6990275356107CEB8A2C85DA11",
        "type": "SELL",
        "value": 9138.542178,
        "wallet": "terra1q7a9kg5xusufjfjp3v8ghsc7urfrlj8m99hlwh"
      },
      {
        "amount": 9061.75156,
        "baseAmount": 11703.085628,
        "baseSymbol": "CWLUNC",
        "executionType": "direct",
        "pairId": "amplunc-cwlunc",
        "price": 1.2914816247732133,
        "sourceContract": "terra132qwlqxffksjfg6ntzp4m5786lrlmgrufzx5c6",
        "sourcePairId": "amplunc-cwlunc-ref-1",
        "sourceType": "reference",
        "timestamp": "2026-05-04T10:14:29Z",
        "tokenAmount": 9061.75156,
        "tokenSymbol": "AMPLUNC",
        "txhash": "85760AD9E1CC7008E0C3CC416B0F6935F34F7CD6C75454E88F6BCDBA9183BDA2",
        "type": "SELL",
        "value": 11703.085628,
        "wallet": "terra1ydeh9exz82qrzw82ycjr6n462u5ldt8m8qt4rh"
      },
      {
        "amount": 9106.094364,
        "baseAmount": 11665.133635,
        "baseSymbol": "CWLUNC",
        "executionType": "direct",
        "pairId": "amplunc-cwlunc",
        "price": 1.2810249014239186,
        "sourceContract": "terra12gkp648mkgj6esr5y6dwc2q4mftnfzk2pudka8",
        "sourcePairId": "amplunc-cwlunc-ref-2",
        "sourceType": "reference",
        "timestamp": "2026-05-04T08:49:32Z",
        "tokenAmount": 9106.094364,
        "tokenSymbol": "AMPLUNC",
        "txhash": "62D5690D4F6A67A355FF71FD99354B3990214C7E715B6CA3A588665DBEF0B152",
        "type": "SELL",
        "value": 11665.133635,
        "wallet": "terra1q7a9kg5xusufjfjp3v8ghsc7urfrlj8m99hlwh"
      },
      {
        "amount": 8939.355215,
        "baseAmount": 11571.061409,
        "baseSymbol": "CWLUNC",
        "executionType": "direct",
        "pairId": "amplunc-cwlunc",
        "price": 1.2943955274966663,
        "sourceContract": "terra132qwlqxffksjfg6ntzp4m5786lrlmgrufzx5c6",
        "sourcePairId": "amplunc-cwlunc-ref-1",
        "sourceType": "reference",
        "timestamp": "2026-05-04T08:40:44Z",
        "tokenAmount": 8939.355215,
        "tokenSymbol": "AMPLUNC",
        "txhash": "B6A33006DFC91A2D96B5BB2FEFDDEDD0ED3A1636A2DD93D162D7AF8CEC8A5DAA",
        "type": "SELL",
        "value": 11571.061409,
        "wallet": "terra1ydeh9exz82qrzw82ycjr6n462u5ldt8m8qt4rh"
      },
      {
        "amount": 9003.016405,
        "baseAmount": 11679.700847,
        "baseSymbol": "CWLUNC",
        "executionType": "direct",
        "pairId": "amplunc-cwlunc",
        "price": 1.2973097372691058,
        "sourceContract": "terra132qwlqxffksjfg6ntzp4m5786lrlmgrufzx5c6",
        "sourcePairId": "amplunc-cwlunc-ref-1",
        "sourceType": "reference",
        "timestamp": "2026-05-04T08:35:30Z",
        "tokenAmount": 9003.016405,
        "tokenSymbol": "AMPLUNC",
        "txhash": "F06CD57A9F3AACABAA288435560AD4EA8634C1437B5B0F5CD54E4F294205032B",
        "type": "SELL",
        "value": 11679.700847,
        "wallet": "terra1ydeh9exz82qrzw82ycjr6n462u5ldt8m8qt4rh"
      },
      {
        "amount": 8177.52738,
        "baseAmount": 10542.532222,
        "baseSymbol": "CWLUNC",
        "executionType": "direct",
        "pairId": "amplunc-cwlunc",
        "price": 1.2892078169966334,
        "sourceContract": "terra12gkp648mkgj6esr5y6dwc2q4mftnfzk2pudka8",
        "sourcePairId": "amplunc-cwlunc-ref-2",
        "sourceType": "reference",
        "timestamp": "2026-05-04T08:23:15Z",
        "tokenAmount": 8177.52738,
        "tokenSymbol": "AMPLUNC",
        "txhash": "B3923862A1D73597B40FFBFBB0950C016F4C877ED767DF6FF139F3CE8A9D60F5",
        "type": "SELL",
        "value": 10542.532222,
        "wallet": "terra10fsmdspfdukffwv0lrjm6gc9w3fcrl9fe076cl"
      },
      {
        "amount": 24566.200796,
        "baseAmount": 31670.299658,
        "baseSymbol": "CWLUNC",
        "executionType": "direct",
        "pairId": "amplunc-cwlunc",
        "price": 1.2891818283581207,
        "sourceContract": "terra12gkp648mkgj6esr5y6dwc2q4mftnfzk2pudka8",
        "sourcePairId": "amplunc-cwlunc-ref-2",
        "sourceType": "reference",
        "timestamp": "2026-05-04T08:12:54Z",
        "tokenAmount": 24566.200796,
        "tokenSymbol": "AMPLUNC",
        "txhash": "CCD3BE49BE07378108C3C8E3E2D3FB446BAD1C79E3E05E5E95B81569312DDB02",
        "type": "BUY",
        "value": 31670.299658,
        "wallet": "terra1q7a9kg5xusufjfjp3v8ghsc7urfrlj8m99hlwh"
      },
      {
        "amount": 7286.816735,
        "baseAmount": 9309.236826,
        "baseSymbol": "CWLUNC",
        "executionType": "direct",
        "pairId": "amplunc-cwlunc",
        "price": 1.2775450741454664,
        "sourceContract": "terra1r8k9pea8wmt93l703azhs82kpjva0cpq8tq5at",
        "sourcePairId": "amplunc-cwlunc-ref-3",
        "sourceType": "reference",
        "timestamp": "2026-05-04T08:08:51Z",
        "tokenAmount": 7286.816735,
        "tokenSymbol": "AMPLUNC",
        "txhash": "0418F1E40A7E84EC2A785003E48E9E74C02F471813259D3B80CA01A9175E5E23",
        "type": "BUY",
        "value": 9309.236826,
        "wallet": "terra1ydeh9exz82qrzw82ycjr6n462u5ldt8m8qt4rh"
      },
      {
        "amount": 8223.355902,
        "baseAmount": 10473.999507,
        "baseSymbol": "CWLUNC",
        "executionType": "direct",
        "pairId": "amplunc-cwlunc",
        "price": 1.2736891886744952,
        "sourceContract": "terra12gkp648mkgj6esr5y6dwc2q4mftnfzk2pudka8",
        "sourcePairId": "amplunc-cwlunc-ref-2",
        "sourceType": "reference",
        "timestamp": "2026-05-04T08:04:05Z",
        "tokenAmount": 8223.355902,
        "tokenSymbol": "AMPLUNC",
        "txhash": "BFECFC51EDAF39F118B0C12BEB49A9FBDBE7E08FE3F40267570A6475AB487D4D",
        "type": "BUY",
        "value": 10473.999507,
        "wallet": "terra1ydeh9exz82qrzw82ycjr6n462u5ldt8m8qt4rh"
      },
      {
        "amount": 8262.768531,
        "baseAmount": 10461.109639,
        "baseSymbol": "CWLUNC",
        "executionType": "direct",
        "pairId": "amplunc-cwlunc",
        "price": 1.2660538171621694,
        "sourceContract": "terra12gkp648mkgj6esr5y6dwc2q4mftnfzk2pudka8",
        "sourcePairId": "amplunc-cwlunc-ref-2",
        "sourceType": "reference",
        "timestamp": "2026-05-03T20:35:32Z",
        "tokenAmount": 8262.768531,
        "tokenSymbol": "AMPLUNC",
        "txhash": "616B52D87E1D85A4741AE5D38789DFFB9A4112E4AE40F42763EC364F57493398",
        "type": "SELL",
        "value": 10461.109639,
        "wallet": "terra10fsmdspfdukffwv0lrjm6gc9w3fcrl9fe076cl"
      },
      {
        "amount": 228.708418,
        "baseAmount": 290.459007,
        "baseSymbol": "CWLUNC",
        "executionType": "direct",
        "pairId": "amplunc-cwlunc",
        "price": 1.2699970099045501,
        "sourceContract": "terra12gkp648mkgj6esr5y6dwc2q4mftnfzk2pudka8",
        "sourcePairId": "amplunc-cwlunc-ref-2",
        "sourceType": "reference",
        "timestamp": "2026-05-03T03:03:15Z",
        "tokenAmount": 228.708418,
        "tokenSymbol": "AMPLUNC",
        "txhash": "BCC60BE9B853EB5C14134A821E3F3BC0D5696C2E84AA804CE8CBA00E313AFD70",
        "type": "SELL",
        "value": 290.459007,
        "wallet": "terra10fsmdspfdukffwv0lrjm6gc9w3fcrl9fe076cl"
      },
      {
        "amount": 8366.059067,
        "baseAmount": 10877.050312,
        "baseSymbol": "CWLUNC",
        "executionType": "direct",
        "pairId": "amplunc-cwlunc",
        "price": 1.3001402721270077,
        "sourceContract": "terra132qwlqxffksjfg6ntzp4m5786lrlmgrufzx5c6",
        "sourcePairId": "amplunc-cwlunc-ref-1",
        "sourceType": "reference",
        "timestamp": "2026-05-03T00:38:16Z",
        "tokenAmount": 8366.059067,
        "tokenSymbol": "AMPLUNC",
        "txhash": "D65943F3FBDF63D805983E8CE4605BC44E95216C44E2D24DD6DD74754317ED60",
        "type": "SELL",
        "value": 10877.050312,
        "wallet": "terra1ydeh9exz82qrzw82ycjr6n462u5ldt8m8qt4rh"
      },
      {
        "amount": 6597.085542,
        "baseAmount": 8372.997919,
        "baseSymbol": "CWLUNC",
        "executionType": "direct",
        "pairId": "amplunc-cwlunc",
        "price": 1.2691965058954817,
        "sourceContract": "terra1r8k9pea8wmt93l703azhs82kpjva0cpq8tq5at",
        "sourcePairId": "amplunc-cwlunc-ref-3",
        "sourceType": "reference",
        "timestamp": "2026-05-03T00:33:32Z",
        "tokenAmount": 6597.085542,
        "tokenSymbol": "AMPLUNC",
        "txhash": "34A44EA3236A753CA4A124E7732DFCA9A44242B7D875B456639D46653262A698",
        "type": "SELL",
        "value": 8372.997919,
        "wallet": "terra1q7a9kg5xusufjfjp3v8ghsc7urfrlj8m99hlwh"
      },
      {
        "amount": 8309.683012,
        "baseAmount": 10586.329632,
        "baseSymbol": "CWLUNC",
        "executionType": "direct",
        "pairId": "amplunc-cwlunc",
        "price": 1.2739751464300504,
        "sourceContract": "terra12gkp648mkgj6esr5y6dwc2q4mftnfzk2pudka8",
        "sourcePairId": "amplunc-cwlunc-ref-2",
        "sourceType": "reference",
        "timestamp": "2026-05-03T00:13:06Z",
        "tokenAmount": 8309.683012,
        "tokenSymbol": "AMPLUNC",
        "txhash": "C0B61B3354355C875D551BFAEC12E6438FC5E7E3CD0C195FC31D04A423B714AE",
        "type": "SELL",
        "value": 10586.329632,
        "wallet": "terra10fsmdspfdukffwv0lrjm6gc9w3fcrl9fe076cl"
      },
      {
        "amount": 186.268437,
        "baseAmount": 238.043159,
        "baseSymbol": "CWLUNC",
        "executionType": "direct",
        "pairId": "amplunc-cwlunc",
        "price": 1.277957569376072,
        "sourceContract": "terra12gkp648mkgj6esr5y6dwc2q4mftnfzk2pudka8",
        "sourcePairId": "amplunc-cwlunc-ref-2",
        "sourceType": "reference",
        "timestamp": "2026-05-03T00:04:00Z",
        "tokenAmount": 186.268437,
        "tokenSymbol": "AMPLUNC",
        "txhash": "FC764BB9FD46E240F5B30C97C90A6C6D4569E855FDE4F40B0B7DFD181125AC5A",
        "type": "SELL",
        "value": 238.043159,
        "wallet": "terra10fsmdspfdukffwv0lrjm6gc9w3fcrl9fe076cl"
      },
      {
        "amount": 13535.327172,
        "baseAmount": 17489.867914,
        "baseSymbol": "CWLUNC",
        "executionType": "direct",
        "pairId": "amplunc-cwlunc",
        "price": 1.2921643999991816,
        "sourceContract": "terra12gkp648mkgj6esr5y6dwc2q4mftnfzk2pudka8",
        "sourcePairId": "amplunc-cwlunc-ref-2",
        "sourceType": "reference",
        "timestamp": "2026-05-02T21:49:47Z",
        "tokenAmount": 13535.327172,
        "tokenSymbol": "AMPLUNC",
        "txhash": "7F1429202002B1B7155FC9E6B228CE17E0710B3DB60964F3A6096C9729C1A513",
        "type": "BUY",
        "value": 17489.867914,
        "wallet": "terra1g3zc8lwwmkrm0cz9wkgl849pdqaw6cq8lh7872"
      },
      {
        "amount": 10009.554253,
        "baseAmount": 12862.802079,
        "baseSymbol": "CWLUNC",
        "executionType": "direct",
        "pairId": "amplunc-cwlunc",
        "price": 1.2850524362905413,
        "sourceContract": "terra1r8k9pea8wmt93l703azhs82kpjva0cpq8tq5at",
        "sourcePairId": "amplunc-cwlunc-ref-3",
        "sourceType": "reference",
        "timestamp": "2026-05-02T21:36:22Z",
        "tokenAmount": 10009.554253,
        "tokenSymbol": "AMPLUNC",
        "txhash": "C207C2AEC62173C7DFAF86BD27441F0C4C531CBCC36DE5225390CDD47347D86D",
        "type": "SELL",
        "value": 12862.802079,
        "wallet": "terra1q7a9kg5xusufjfjp3v8ghsc7urfrlj8m99hlwh"
      }
    ],
    "amplunc-cwustc": [],
    "amplunc-lunc": [
      {
        "amount": 12345.0,
        "baseAmount": 9578.673131,
        "baseSymbol": "LUNC",
        "executionType": "routed",
        "pairId": "amplunc-lunc",
        "price": 0.775915198946942,
        "sourceContract": "terra1nynrxdccq0r9ghrz0sq7tjkkh8wug0ggg4lkzsags8r9dyhf7ypqx5gsr8",
        "sourcePairId": "amplunc-lunc",
        "sourceType": "routed",
        "timestamp": "2026-05-02T01:06:00Z",
        "tokenAmount": 12345.0,
        "tokenSymbol": "AMPLUNC",
        "txhash": "8076734D8388FE5F314EE91CD4B69CE1C6B53D3A0F52702F75B856414F205B05",
        "type": "SWAP",
        "value": 9578.673131,
        "wallet": ""
      },
      {
        "amount": 26772.690282,
        "baseAmount": 20608.777342,
        "baseSymbol": "LUNC",
        "executionType": "routed",
        "pairId": "amplunc-lunc",
        "price": 0.7697686382998961,
        "sourceContract": "terra1nynrxdccq0r9ghrz0sq7tjkkh8wug0ggg4lkzsags8r9dyhf7ypqx5gsr8",
        "sourcePairId": "amplunc-lunc",
        "sourceType": "routed",
        "timestamp": "2026-05-02T00:06:35Z",
        "tokenAmount": 26772.690282,
        "tokenSymbol": "AMPLUNC",
        "txhash": "EC33BB46AF37719207927BC74BDBFEDFB34FA94CC5E08B5F20BFB8B2D67B5FA6",
        "type": "SWAP",
        "value": 20608.777342,
        "wallet": ""
      }
    ],
    "amplunc-mdot": [],
    "amplunc-ustc": [],
    "astro-amplunc": [],
    "astro-cwlunc": [
      {
        "amount": 1356.608577,
        "baseAmount": 9142.282614,
        "baseSymbol": "CWLUNC",
        "executionType": "direct",
        "pairId": "astro-cwlunc",
        "price": 6.739071806708767,
        "sourceContract": "terra1nujm9zqa4hpaz9s8wrhrp86h3m9xwprjt9kmf9",
        "sourcePairId": "astro-cwlunc-ref-1",
        "sourceType": "reference",
        "timestamp": "2026-05-09T05:06:01Z",
        "tokenAmount": 1356.608577,
        "tokenSymbol": "ASTRO",
        "txhash": "D4BD105B25FC7E925DDF4AB1A97EFB45AA181787F78F061C1B6099B8F24B9580",
        "type": "BUY",
        "value": 9142.282614,
        "wallet": "terra1ydeh9exz82qrzw82ycjr6n462u5ldt8m8qt4rh"
      },
      {
        "amount": 1576.30537,
        "baseAmount": 10405.534528,
        "baseSymbol": "CWLUNC",
        "executionType": "direct",
        "pairId": "astro-cwlunc",
        "price": 6.601217458264448,
        "sourceContract": "terra1nujm9zqa4hpaz9s8wrhrp86h3m9xwprjt9kmf9",
        "sourcePairId": "astro-cwlunc-ref-1",
        "sourceType": "reference",
        "timestamp": "2026-05-07T03:38:46Z",
        "tokenAmount": 1576.30537,
        "tokenSymbol": "ASTRO",
        "txhash": "0BFF072EB558F792266E5B6E0516795F4E13775CDC5E8E4EAD5A196A5798D475",
        "type": "BUY",
        "value": 10405.534528,
        "wallet": "terra1ydeh9exz82qrzw82ycjr6n462u5ldt8m8qt4rh"
      },
      {
        "amount": 1623.625956,
        "baseAmount": 10656.647104,
        "baseSymbol": "CWLUNC",
        "executionType": "direct",
        "pairId": "astro-cwlunc",
        "price": 6.563486537412808,
        "sourceContract": "terra1nujm9zqa4hpaz9s8wrhrp86h3m9xwprjt9kmf9",
        "sourcePairId": "astro-cwlunc-ref-1",
        "sourceType": "reference",
        "timestamp": "2026-05-06T00:29:08Z",
        "tokenAmount": 1623.625956,
        "tokenSymbol": "ASTRO",
        "txhash": "0DD078B4A038555CA4F3BF8C386F2EEBBA3E35458B6E4341EED4C08B072910CF",
        "type": "SELL",
        "value": 10656.647104,
        "wallet": "terra1ydeh9exz82qrzw82ycjr6n462u5ldt8m8qt4rh"
      },
      {
        "amount": 1575.967759,
        "baseAmount": 10579.242203,
        "baseSymbol": "CWLUNC",
        "executionType": "direct",
        "pairId": "astro-cwlunc",
        "price": 6.712854462018218,
        "sourceContract": "terra1nujm9zqa4hpaz9s8wrhrp86h3m9xwprjt9kmf9",
        "sourcePairId": "astro-cwlunc-ref-1",
        "sourceType": "reference",
        "timestamp": "2026-05-05T17:58:35Z",
        "tokenAmount": 1575.967759,
        "tokenSymbol": "ASTRO",
        "txhash": "C1722FCBA10C4CDD92F4BBDDC67C6541F3215E824738BA834D233877784FF860",
        "type": "SELL",
        "value": 10579.242203,
        "wallet": "terra1ydeh9exz82qrzw82ycjr6n462u5ldt8m8qt4rh"
      },
      {
        "amount": 1597.481419,
        "baseAmount": 10968.488042,
        "baseSymbol": "CWLUNC",
        "executionType": "direct",
        "pairId": "astro-cwlunc",
        "price": 6.866113064943262,
        "sourceContract": "terra1nujm9zqa4hpaz9s8wrhrp86h3m9xwprjt9kmf9",
        "sourcePairId": "astro-cwlunc-ref-1",
        "sourceType": "reference",
        "timestamp": "2026-05-05T17:56:48Z",
        "tokenAmount": 1597.481419,
        "tokenSymbol": "ASTRO",
        "txhash": "4AA900C58D352832C2AC766E3CD6E8DBBED7D9E9C0B89328BF755F1FCBF3B25B",
        "type": "SELL",
        "value": 10968.488042,
        "wallet": "terra1ydeh9exz82qrzw82ycjr6n462u5ldt8m8qt4rh"
      },
      {
        "amount": 1545.896688,
        "baseAmount": 10857.044357,
        "baseSymbol": "CWLUNC",
        "executionType": "direct",
        "pairId": "astro-cwlunc",
        "price": 7.023137083660018,
        "sourceContract": "terra1nujm9zqa4hpaz9s8wrhrp86h3m9xwprjt9kmf9",
        "sourcePairId": "astro-cwlunc-ref-1",
        "sourceType": "reference",
        "timestamp": "2026-05-05T15:05:28Z",
        "tokenAmount": 1545.896688,
        "tokenSymbol": "ASTRO",
        "txhash": "9C163486AF3BF05299E2F0E00A64180D10CBC9018A9D8EABF5F91E0F6904588E",
        "type": "SELL",
        "value": 10857.044357,
        "wallet": "terra1ydeh9exz82qrzw82ycjr6n462u5ldt8m8qt4rh"
      },
      {
        "amount": 1495.552547,
        "baseAmount": 10738.449178,
        "baseSymbol": "CWLUNC",
        "executionType": "direct",
        "pairId": "astro-cwlunc",
        "price": 7.180255350800456,
        "sourceContract": "terra1nujm9zqa4hpaz9s8wrhrp86h3m9xwprjt9kmf9",
        "sourcePairId": "astro-cwlunc-ref-1",
        "sourceType": "reference",
        "timestamp": "2026-05-04T21:31:26Z",
        "tokenAmount": 1495.552547,
        "tokenSymbol": "ASTRO",
        "txhash": "C49915B41483DB1384D6C917A7690311656FFA05D68ABB533727015AE7031CA9",
        "type": "SELL",
        "value": 10738.449178,
        "wallet": "terra1ydeh9exz82qrzw82ycjr6n462u5ldt8m8qt4rh"
      },
      {
        "amount": 1467.933489,
        "baseAmount": 10772.400587,
        "baseSymbol": "CWLUNC",
        "executionType": "direct",
        "pairId": "astro-cwlunc",
        "price": 7.338480024962493,
        "sourceContract": "terra1nujm9zqa4hpaz9s8wrhrp86h3m9xwprjt9kmf9",
        "sourcePairId": "astro-cwlunc-ref-1",
        "sourceType": "reference",
        "timestamp": "2026-05-04T17:52:49Z",
        "tokenAmount": 1467.933489,
        "tokenSymbol": "ASTRO",
        "txhash": "EB34E10F08ECD67D1369303AD985CF555ED2D48B92450A59CC9C4D7A27BC4DAE",
        "type": "SELL",
        "value": 10772.400587,
        "wallet": "terra1ydeh9exz82qrzw82ycjr6n462u5ldt8m8qt4rh"
      },
      {
        "amount": 1467.778277,
        "baseAmount": 11008.988387,
        "baseSymbol": "CWLUNC",
        "executionType": "direct",
        "pairId": "astro-cwlunc",
        "price": 7.500443738342641,
        "sourceContract": "terra1nujm9zqa4hpaz9s8wrhrp86h3m9xwprjt9kmf9",
        "sourcePairId": "astro-cwlunc-ref-1",
        "sourceType": "reference",
        "timestamp": "2026-05-04T12:33:58Z",
        "tokenAmount": 1467.778277,
        "tokenSymbol": "ASTRO",
        "txhash": "5A9874F70A5A090B5C1049C56A0DD16C9B2773DF0F19FBBC80DA5EAB1B85779D",
        "type": "SELL",
        "value": 11008.988387,
        "wallet": "terra1ydeh9exz82qrzw82ycjr6n462u5ldt8m8qt4rh"
      },
      {
        "amount": 1227.075793,
        "baseAmount": 9391.830981,
        "baseSymbol": "CWLUNC",
        "executionType": "direct",
        "pairId": "astro-cwlunc",
        "price": 7.653831193294512,
        "sourceContract": "terra1nujm9zqa4hpaz9s8wrhrp86h3m9xwprjt9kmf9",
        "sourcePairId": "astro-cwlunc-ref-1",
        "sourceType": "reference",
        "timestamp": "2026-05-04T10:10:18Z",
        "tokenAmount": 1227.075793,
        "tokenSymbol": "ASTRO",
        "txhash": "5664149D2794F2AA85BEFFD0A8ED407A7CD042888960BBEFA993AB38F7878F1E",
        "type": "SELL",
        "value": 9391.830981,
        "wallet": "terra1ydeh9exz82qrzw82ycjr6n462u5ldt8m8qt4rh"
      },
      {
        "amount": 1422.380019,
        "baseAmount": 11107.896857,
        "baseSymbol": "CWLUNC",
        "executionType": "direct",
        "pairId": "astro-cwlunc",
        "price": 7.809373520874804,
        "sourceContract": "terra1nujm9zqa4hpaz9s8wrhrp86h3m9xwprjt9kmf9",
        "sourcePairId": "astro-cwlunc-ref-1",
        "sourceType": "reference",
        "timestamp": "2026-05-04T09:14:20Z",
        "tokenAmount": 1422.380019,
        "tokenSymbol": "ASTRO",
        "txhash": "DBCDE648EC80744CF8602A3C015837AFAE9B2E853474590648696E3CF6288F22",
        "type": "SELL",
        "value": 11107.896857,
        "wallet": "terra1ydeh9exz82qrzw82ycjr6n462u5ldt8m8qt4rh"
      },
      {
        "amount": 1210.070439,
        "baseAmount": 9522.115661,
        "baseSymbol": "CWLUNC",
        "executionType": "direct",
        "pairId": "astro-cwlunc",
        "price": 7.869058985416633,
        "sourceContract": "terra1nujm9zqa4hpaz9s8wrhrp86h3m9xwprjt9kmf9",
        "sourcePairId": "astro-cwlunc-ref-1",
        "sourceType": "reference",
        "timestamp": "2026-05-04T08:15:22Z",
        "tokenAmount": 1210.070439,
        "tokenSymbol": "ASTRO",
        "txhash": "6FDFAC6DF92484B2A0684EF377F11228AEA5A633733F28B8AC113A3C00D5EC03",
        "type": "BUY",
        "value": 9522.115661,
        "wallet": "terra1ydeh9exz82qrzw82ycjr6n462u5ldt8m8qt4rh"
      },
      {
        "amount": 1423.523988,
        "baseAmount": 10979.331601,
        "baseSymbol": "CWLUNC",
        "executionType": "direct",
        "pairId": "astro-cwlunc",
        "price": 7.712782990348878,
        "sourceContract": "terra1nujm9zqa4hpaz9s8wrhrp86h3m9xwprjt9kmf9",
        "sourcePairId": "astro-cwlunc-ref-1",
        "sourceType": "reference",
        "timestamp": "2026-05-04T08:11:12Z",
        "tokenAmount": 1423.523988,
        "tokenSymbol": "ASTRO",
        "txhash": "EFD7BF1EA9875BF64B8EEE4ABA6BEFEB822AD6A06D61C139B2EFED7285D9D9BB",
        "type": "BUY",
        "value": 10979.331601,
        "wallet": "terra1ydeh9exz82qrzw82ycjr6n462u5ldt8m8qt4rh"
      },
      {
        "amount": 1316.38036,
        "baseAmount": 10083.37951,
        "baseSymbol": "CWLUNC",
        "executionType": "direct",
        "pairId": "astro-cwlunc",
        "price": 7.659928555907656,
        "sourceContract": "terra1nujm9zqa4hpaz9s8wrhrp86h3m9xwprjt9kmf9",
        "sourcePairId": "astro-cwlunc-ref-1",
        "sourceType": "reference",
        "timestamp": "2026-05-03T00:43:47Z",
        "tokenAmount": 1316.38036,
        "tokenSymbol": "ASTRO",
        "txhash": "8C2850BC981775079B60DBE2BB49DE9ACC0AB2097F6D3DE4FA997640904EEE82",
        "type": "SELL",
        "value": 10083.37951,
        "wallet": "terra1ydeh9exz82qrzw82ycjr6n462u5ldt8m8qt4rh"
      },
      {
        "amount": 1328.048065,
        "baseAmount": 10379.120864,
        "baseSymbol": "CWLUNC",
        "executionType": "direct",
        "pairId": "astro-cwlunc",
        "price": 7.81532019626112,
        "sourceContract": "terra1nujm9zqa4hpaz9s8wrhrp86h3m9xwprjt9kmf9",
        "sourcePairId": "astro-cwlunc-ref-1",
        "sourceType": "reference",
        "timestamp": "2026-05-03T00:06:34Z",
        "tokenAmount": 1328.048065,
        "tokenSymbol": "ASTRO",
        "txhash": "2B6E9DF2B4F77BDF2563710C377AF5DF5A7FAF44FD187751FCBFA26450636D23",
        "type": "SELL",
        "value": 10379.120864,
        "wallet": "terra1ydeh9exz82qrzw82ycjr6n462u5ldt8m8qt4rh"
      },
      {
        "amount": 1415.858272,
        "baseAmount": 11300.859266,
        "baseSymbol": "CWLUNC",
        "executionType": "direct",
        "pairId": "astro-cwlunc",
        "price": 7.981631699645146,
        "sourceContract": "terra1nujm9zqa4hpaz9s8wrhrp86h3m9xwprjt9kmf9",
        "sourcePairId": "astro-cwlunc-ref-1",
        "sourceType": "reference",
        "timestamp": "2026-05-02T21:35:29Z",
        "tokenAmount": 1415.858272,
        "tokenSymbol": "ASTRO",
        "txhash": "C8ED16D29861BB6FA36303797F341E2A4D7C19B5DFADB1D42E295485A8953DDA",
        "type": "SELL",
        "value": 11300.859266,
        "wallet": "terra1ydeh9exz82qrzw82ycjr6n462u5ldt8m8qt4rh"
      },
      {
        "amount": 384.053357,
        "baseAmount": 3108.316946,
        "baseSymbol": "CWLUNC",
        "executionType": "direct",
        "pairId": "astro-cwlunc",
        "price": 8.093450791005584,
        "sourceContract": "terra1nujm9zqa4hpaz9s8wrhrp86h3m9xwprjt9kmf9",
        "sourcePairId": "astro-cwlunc-ref-1",
        "sourceType": "reference",
        "timestamp": "2026-05-02T20:24:19Z",
        "tokenAmount": 384.053357,
        "tokenSymbol": "ASTRO",
        "txhash": "C497D7ABBA8317C7A6178E40BC309F2A423D2D809C5345E129BD4DA0C78E038C",
        "type": "SELL",
        "value": 3108.316946,
        "wallet": "terra1zafpjz7h4x9cd8n5rf9lxz7tru352taxtl8jeu"
      },
      {
        "amount": 1183.075844,
        "baseAmount": 9573.401759,
        "baseSymbol": "CWLUNC",
        "executionType": "direct",
        "pairId": "astro-cwlunc",
        "price": 8.091959452601248,
        "sourceContract": "terra1nujm9zqa4hpaz9s8wrhrp86h3m9xwprjt9kmf9",
        "sourcePairId": "astro-cwlunc-ref-1",
        "sourceType": "reference",
        "timestamp": "2026-05-02T15:16:44Z",
        "tokenAmount": 1183.075844,
        "tokenSymbol": "ASTRO",
        "txhash": "AE71E63C4A7D82DFCB9382173C407EE5D5A74594C07B43D129F0323AE0620C84",
        "type": "BUY",
        "value": 9573.401759,
        "wallet": "terra1ydeh9exz82qrzw82ycjr6n462u5ldt8m8qt4rh"
      },
      {
        "amount": 286.811595,
        "baseAmount": 1500.0,
        "baseSymbol": "CWLUNC",
        "executionType": "direct",
        "pairId": "astro-cwlunc",
        "price": 5.229914083494427,
        "sourceContract": "terra1udqrxagr6tu0snr89hcyntj3zm0tjra3pslalsvyq6aczmr7aqtsfyyv48",
        "sourcePairId": "astro-cwlunc",
        "sourceType": "primary",
        "timestamp": "2026-05-02T01:04:01Z",
        "tokenAmount": 286.811595,
        "tokenSymbol": "ASTRO",
        "txhash": "3A0794DB72932B4DF690E86D06ACE4CF79D80A436CFBCB7336CF52ACB06A9387",
        "type": "BUY",
        "value": 1500.0,
        "wallet": "terra1nynrxdccq0r9ghrz0sq7tjkkh8wug0ggg4lkzsags8r9dyhf7ypqx5gsr8"
      },
      {
        "amount": 349.809,
        "baseAmount": 2790.120114,
        "baseSymbol": "CWLUNC",
        "executionType": "direct",
        "pairId": "astro-cwlunc",
        "price": 7.976124439336894,
        "sourceContract": "terra1udqrxagr6tu0snr89hcyntj3zm0tjra3pslalsvyq6aczmr7aqtsfyyv48",
        "sourcePairId": "astro-cwlunc",
        "sourceType": "primary",
        "timestamp": "2026-04-30T02:37:34Z",
        "tokenAmount": 349.809,
        "tokenSymbol": "ASTRO",
        "txhash": "957A091D57827B3D8CD4CB2CDE83B3B4B329CAA9DABF0F7A2584164897B6AD36",
        "type": "SELL",
        "value": 2790.120114,
        "wallet": "terra1nynrxdccq0r9ghrz0sq7tjkkh8wug0ggg4lkzsags8r9dyhf7ypqx5gsr8"
      },
      {
        "amount": 1390.910787,
        "baseAmount": 11205.345265,
        "baseSymbol": "CWLUNC",
        "executionType": "direct",
        "pairId": "astro-cwlunc",
        "price": 8.056120758951307,
        "sourceContract": "terra1nujm9zqa4hpaz9s8wrhrp86h3m9xwprjt9kmf9",
        "sourcePairId": "astro-cwlunc-ref-1",
        "sourceType": "reference",
        "timestamp": "2026-04-30T01:27:39Z",
        "tokenAmount": 1390.910787,
        "tokenSymbol": "ASTRO",
        "txhash": "943BA77595210E4037A3EFF4CBA6A7539BB0068C68F07FAB8CA8ED791EBEC06A",
        "type": "SELL",
        "value": 11205.345265,
        "wallet": "terra1ydeh9exz82qrzw82ycjr6n462u5ldt8m8qt4rh"
      },
      {
        "amount": 139.169707,
        "baseAmount": 321.0,
        "baseSymbol": "CWLUNC",
        "executionType": "direct",
        "pairId": "astro-cwlunc",
        "price": 2.306536436122554,
        "sourceContract": "terra1udqrxagr6tu0snr89hcyntj3zm0tjra3pslalsvyq6aczmr7aqtsfyyv48",
        "sourcePairId": "astro-cwlunc",
        "sourceType": "primary",
        "timestamp": "2026-04-29T23:47:00Z",
        "tokenAmount": 139.169707,
        "tokenSymbol": "ASTRO",
        "txhash": "6E12396D80A17D1ABE545FEF6BF64324946D3F7D8BD2EF9DF0C5D43DEC1B157D",
        "type": "BUY",
        "value": 321.0,
        "wallet": "terra1nynrxdccq0r9ghrz0sq7tjkkh8wug0ggg4lkzsags8r9dyhf7ypqx5gsr8"
      },
      {
        "amount": 210.639991,
        "baseAmount": 907.214121,
        "baseSymbol": "CWLUNC",
        "executionType": "direct",
        "pairId": "astro-cwlunc",
        "price": 4.306941510456103,
        "sourceContract": "terra1udqrxagr6tu0snr89hcyntj3zm0tjra3pslalsvyq6aczmr7aqtsfyyv48",
        "sourcePairId": "astro-cwlunc",
        "sourceType": "primary",
        "timestamp": "2026-04-29T03:23:31Z",
        "tokenAmount": 210.639991,
        "tokenSymbol": "ASTRO",
        "txhash": "0708252269F1C2D8FC582C5255CB0884E99569972ACEC3E10D468C436E425322",
        "type": "BUY",
        "value": 907.214121,
        "wallet": "terra1nynrxdccq0r9ghrz0sq7tjkkh8wug0ggg4lkzsags8r9dyhf7ypqx5gsr8"
      },
      {
        "amount": 1351.632304,
        "baseAmount": 11124.073086,
        "baseSymbol": "CWLUNC",
        "executionType": "direct",
        "pairId": "astro-cwlunc",
        "price": 8.230103004404073,
        "sourceContract": "terra1nujm9zqa4hpaz9s8wrhrp86h3m9xwprjt9kmf9",
        "sourcePairId": "astro-cwlunc-ref-1",
        "sourceType": "reference",
        "timestamp": "2026-04-28T07:06:14Z",
        "tokenAmount": 1351.632304,
        "tokenSymbol": "ASTRO",
        "txhash": "E91791D43475C5EDA16F2764B1E48C5F95EA3CAA16851DB98BB696AE6455001C",
        "type": "SELL",
        "value": 11124.073086,
        "wallet": "terra1ydeh9exz82qrzw82ycjr6n462u5ldt8m8qt4rh"
      },
      {
        "amount": 1351.596222,
        "baseAmount": 11363.110985,
        "baseSymbol": "CWLUNC",
        "executionType": "direct",
        "pairId": "astro-cwlunc",
        "price": 8.407178712134636,
        "sourceContract": "terra1nujm9zqa4hpaz9s8wrhrp86h3m9xwprjt9kmf9",
        "sourcePairId": "astro-cwlunc-ref-1",
        "sourceType": "reference",
        "timestamp": "2026-04-28T00:44:53Z",
        "tokenAmount": 1351.596222,
        "tokenSymbol": "ASTRO",
        "txhash": "870136E3C2658535875A670C29F019A69BDA3D219B4389B8ADE8C796010819BA",
        "type": "SELL",
        "value": 11363.110985,
        "wallet": "terra1ydeh9exz82qrzw82ycjr6n462u5ldt8m8qt4rh"
      },
      {
        "amount": 1299.02133,
        "baseAmount": 11153.919894,
        "baseSymbol": "CWLUNC",
        "executionType": "direct",
        "pairId": "astro-cwlunc",
        "price": 8.586402421890948,
        "sourceContract": "terra1nujm9zqa4hpaz9s8wrhrp86h3m9xwprjt9kmf9",
        "sourcePairId": "astro-cwlunc-ref-1",
        "sourceType": "reference",
        "timestamp": "2026-04-27T23:24:12Z",
        "tokenAmount": 1299.02133,
        "tokenSymbol": "ASTRO",
        "txhash": "2B0FD4B6595942FD3C1CA3ACF3E56B5EB82DC9038875C75CC2EE62095DA0A6D9",
        "type": "SELL",
        "value": 11153.919894,
        "wallet": "terra1ydeh9exz82qrzw82ycjr6n462u5ldt8m8qt4rh"
      },
      {
        "amount": 1308.136689,
        "baseAmount": 11470.210263,
        "baseSymbol": "CWLUNC",
        "executionType": "direct",
        "pairId": "astro-cwlunc",
        "price": 8.7683575878973,
        "sourceContract": "terra1nujm9zqa4hpaz9s8wrhrp86h3m9xwprjt9kmf9",
        "sourcePairId": "astro-cwlunc-ref-1",
        "sourceType": "reference",
        "timestamp": "2026-04-27T20:46:24Z",
        "tokenAmount": 1308.136689,
        "tokenSymbol": "ASTRO",
        "txhash": "6E6B0CD84AB9CC31929F699935E68A6EAE8A45EFE8E411B4EEEF2B2ABB6D8F9D",
        "type": "SELL",
        "value": 11470.210263,
        "wallet": "terra1ydeh9exz82qrzw82ycjr6n462u5ldt8m8qt4rh"
      },
      {
        "amount": 1288.884416,
        "baseAmount": 11542.488069,
        "baseSymbol": "CWLUNC",
        "executionType": "direct",
        "pairId": "astro-cwlunc",
        "price": 8.955409752584051,
        "sourceContract": "terra1nujm9zqa4hpaz9s8wrhrp86h3m9xwprjt9kmf9",
        "sourcePairId": "astro-cwlunc-ref-1",
        "sourceType": "reference",
        "timestamp": "2026-04-27T08:29:12Z",
        "tokenAmount": 1288.884416,
        "tokenSymbol": "ASTRO",
        "txhash": "0F842F14E393CFE019FC52A59F96108BF6FDA9B0AC73944B1C01557287E8666F",
        "type": "SELL",
        "value": 11542.488069,
        "wallet": "terra1ydeh9exz82qrzw82ycjr6n462u5ldt8m8qt4rh"
      },
      {
        "amount": 1247.735835,
        "baseAmount": 11409.227916,
        "baseSymbol": "CWLUNC",
        "executionType": "direct",
        "pairId": "astro-cwlunc",
        "price": 9.143945053080888,
        "sourceContract": "terra1nujm9zqa4hpaz9s8wrhrp86h3m9xwprjt9kmf9",
        "sourcePairId": "astro-cwlunc-ref-1",
        "sourceType": "reference",
        "timestamp": "2026-04-27T06:47:23Z",
        "tokenAmount": 1247.735835,
        "tokenSymbol": "ASTRO",
        "txhash": "267BD8EE63DA4F62969E56C9629C31E2D9FA4400FE9EE32F6866E0941B4BFA27",
        "type": "SELL",
        "value": 11409.227916,
        "wallet": "terra1ydeh9exz82qrzw82ycjr6n462u5ldt8m8qt4rh"
      },
      {
        "amount": 113.232296,
        "baseAmount": 123.0,
        "baseSymbol": "CWLUNC",
        "executionType": "direct",
        "pairId": "astro-cwlunc",
        "price": 1.08626252707973,
        "sourceContract": "terra1udqrxagr6tu0snr89hcyntj3zm0tjra3pslalsvyq6aczmr7aqtsfyyv48",
        "sourcePairId": "astro-cwlunc",
        "sourceType": "primary",
        "timestamp": "2026-04-27T01:15:44Z",
        "tokenAmount": 113.232296,
        "tokenSymbol": "ASTRO",
        "txhash": "6EDF3DBF10E9766C278157A5432CABC7BE877E3DA8B9892BD272F8CB52926C8D",
        "type": "BUY",
        "value": 123.0,
        "wallet": "terra1nynrxdccq0r9ghrz0sq7tjkkh8wug0ggg4lkzsags8r9dyhf7ypqx5gsr8"
      },
      {
        "amount": 1249.074569,
        "baseAmount": 11660.62572,
        "baseSymbol": "CWLUNC",
        "executionType": "direct",
        "pairId": "astro-cwlunc",
        "price": 9.335411999729857,
        "sourceContract": "terra1nujm9zqa4hpaz9s8wrhrp86h3m9xwprjt9kmf9",
        "sourcePairId": "astro-cwlunc-ref-1",
        "sourceType": "reference",
        "timestamp": "2026-04-26T23:02:42Z",
        "tokenAmount": 1249.074569,
        "tokenSymbol": "ASTRO",
        "txhash": "A24278F798C2654558D84A0840FACECBAFF3DC05BF68F0F1D07EF7A08EA28291",
        "type": "SELL",
        "value": 11660.62572,
        "wallet": "terra1ydeh9exz82qrzw82ycjr6n462u5ldt8m8qt4rh"
      },
      {
        "amount": 1230.208235,
        "baseAmount": 11725.782723,
        "baseSymbol": "CWLUNC",
        "executionType": "direct",
        "pairId": "astro-cwlunc",
        "price": 9.531543026128418,
        "sourceContract": "terra1nujm9zqa4hpaz9s8wrhrp86h3m9xwprjt9kmf9",
        "sourcePairId": "astro-cwlunc-ref-1",
        "sourceType": "reference",
        "timestamp": "2026-04-26T22:12:23Z",
        "tokenAmount": 1230.208235,
        "tokenSymbol": "ASTRO",
        "txhash": "BAF956DE0BD206A32C5FF8100AD5117C2EEDA857C55324546D09E2AA94AD2E40",
        "type": "SELL",
        "value": 11725.782723,
        "wallet": "terra1ydeh9exz82qrzw82ycjr6n462u5ldt8m8qt4rh"
      },
      {
        "amount": 1210.007849,
        "baseAmount": 11774.203227,
        "baseSymbol": "CWLUNC",
        "executionType": "direct",
        "pairId": "astro-cwlunc",
        "price": 9.730683347823472,
        "sourceContract": "terra1nujm9zqa4hpaz9s8wrhrp86h3m9xwprjt9kmf9",
        "sourcePairId": "astro-cwlunc-ref-1",
        "sourceType": "reference",
        "timestamp": "2026-04-26T20:44:23Z",
        "tokenAmount": 1210.007849,
        "tokenSymbol": "ASTRO",
        "txhash": "DD5BF0B5D151A69852240786331DB1375EB7DBBE94E1E843D5C0145AEC643394",
        "type": "SELL",
        "value": 11774.203227,
        "wallet": "terra1ydeh9exz82qrzw82ycjr6n462u5ldt8m8qt4rh"
      },
      {
        "amount": 1192.443264,
        "baseAmount": 11844.425015,
        "baseSymbol": "CWLUNC",
        "executionType": "direct",
        "pairId": "astro-cwlunc",
        "price": 9.932904459763044,
        "sourceContract": "terra1nujm9zqa4hpaz9s8wrhrp86h3m9xwprjt9kmf9",
        "sourcePairId": "astro-cwlunc-ref-1",
        "sourceType": "reference",
        "timestamp": "2026-04-26T18:08:42Z",
        "tokenAmount": 1192.443264,
        "tokenSymbol": "ASTRO",
        "txhash": "42A9ACC7BC87F4834997138FC00B22A1D37BE3E3B5D4B0F4C25F7B6AB13B7846",
        "type": "SELL",
        "value": 11844.425015,
        "wallet": "terra1ydeh9exz82qrzw82ycjr6n462u5ldt8m8qt4rh"
      },
      {
        "amount": 1174.602033,
        "baseAmount": 11908.556879,
        "baseSymbol": "CWLUNC",
        "executionType": "direct",
        "pairId": "astro-cwlunc",
        "price": 10.138375845123369,
        "sourceContract": "terra1nujm9zqa4hpaz9s8wrhrp86h3m9xwprjt9kmf9",
        "sourcePairId": "astro-cwlunc-ref-1",
        "sourceType": "reference",
        "timestamp": "2026-04-25T22:25:57Z",
        "tokenAmount": 1174.602033,
        "tokenSymbol": "ASTRO",
        "txhash": "371C0C9AAD7F580E12FD09271332BB641C7F8AF2393B5138AFECFBF782462DD2",
        "type": "SELL",
        "value": 11908.556879,
        "wallet": "terra1ydeh9exz82qrzw82ycjr6n462u5ldt8m8qt4rh"
      },
      {
        "amount": 1152.286045,
        "baseAmount": 11922.288241,
        "baseSymbol": "CWLUNC",
        "executionType": "direct",
        "pairId": "astro-cwlunc",
        "price": 10.34663944142446,
        "sourceContract": "terra1nujm9zqa4hpaz9s8wrhrp86h3m9xwprjt9kmf9",
        "sourcePairId": "astro-cwlunc-ref-1",
        "sourceType": "reference",
        "timestamp": "2026-04-24T01:48:49Z",
        "tokenAmount": 1152.286045,
        "tokenSymbol": "ASTRO",
        "txhash": "FF54F44C818F758EBFB03FC3515A4940E66FAEBCCB4AD26131436D9046D4D24D",
        "type": "SELL",
        "value": 11922.288241,
        "wallet": "terra1ydeh9exz82qrzw82ycjr6n462u5ldt8m8qt4rh"
      },
      {
        "amount": 1138.843583,
        "baseAmount": 12023.958115,
        "baseSymbol": "CWLUNC",
        "executionType": "direct",
        "pairId": "astro-cwlunc",
        "price": 10.558041766654094,
        "sourceContract": "terra1nujm9zqa4hpaz9s8wrhrp86h3m9xwprjt9kmf9",
        "sourcePairId": "astro-cwlunc-ref-1",
        "sourceType": "reference",
        "timestamp": "2026-04-23T23:42:13Z",
        "tokenAmount": 1138.843583,
        "tokenSymbol": "ASTRO",
        "txhash": "EA8957C9410F74D7D856BE585CC458700C580920ED46C88B492884F14C2ED088",
        "type": "SELL",
        "value": 12023.958115,
        "wallet": "terra1ydeh9exz82qrzw82ycjr6n462u5ldt8m8qt4rh"
      },
      {
        "amount": 1104.715928,
        "baseAmount": 11737.359849,
        "baseSymbol": "CWLUNC",
        "executionType": "direct",
        "pairId": "astro-cwlunc",
        "price": 10.62477651630275,
        "sourceContract": "terra1nujm9zqa4hpaz9s8wrhrp86h3m9xwprjt9kmf9",
        "sourcePairId": "astro-cwlunc-ref-1",
        "sourceType": "reference",
        "timestamp": "2026-04-15T14:44:07Z",
        "tokenAmount": 1104.715928,
        "tokenSymbol": "ASTRO",
        "txhash": "BEAD3303DBD8C6F00ECC94D5047C6D6144EB1B339731FA402EEC6BBAAB953C36",
        "type": "BUY",
        "value": 11737.359849,
        "wallet": "terra1ydeh9exz82qrzw82ycjr6n462u5ldt8m8qt4rh"
      },
      {
        "amount": 236.0454,
        "baseAmount": 2473.63845,
        "baseSymbol": "CWLUNC",
        "executionType": "direct",
        "pairId": "astro-cwlunc",
        "price": 10.479502883767275,
        "sourceContract": "terra1nujm9zqa4hpaz9s8wrhrp86h3m9xwprjt9kmf9",
        "sourcePairId": "astro-cwlunc-ref-1",
        "sourceType": "reference",
        "timestamp": "2026-04-14T16:42:09Z",
        "tokenAmount": 236.0454,
        "tokenSymbol": "ASTRO",
        "txhash": "0907859B7EBF6A20B4A6743F1E7F6E818CC2A349F96534CCE32353C726A634F4",
        "type": "SELL",
        "value": 2473.63845,
        "wallet": "terra1ydeh9exz82qrzw82ycjr6n462u5ldt8m8qt4rh"
      },
      {
        "amount": 1138.785328,
        "baseAmount": 12080.475313,
        "baseSymbol": "CWLUNC",
        "executionType": "direct",
        "pairId": "astro-cwlunc",
        "price": 10.608211236982148,
        "sourceContract": "terra1nujm9zqa4hpaz9s8wrhrp86h3m9xwprjt9kmf9",
        "sourcePairId": "astro-cwlunc-ref-1",
        "sourceType": "reference",
        "timestamp": "2026-04-14T03:42:55Z",
        "tokenAmount": 1138.785328,
        "tokenSymbol": "ASTRO",
        "txhash": "5657B5C498D5D2CD5D346966A3E6978FBD9D774D5F53C0D78CE2194A393720FF",
        "type": "SELL",
        "value": 12080.475313,
        "wallet": "terra1ydeh9exz82qrzw82ycjr6n462u5ldt8m8qt4rh"
      },
      {
        "amount": 92.772429,
        "baseAmount": 1000.0,
        "baseSymbol": "CWLUNC",
        "executionType": "direct",
        "pairId": "astro-cwlunc",
        "price": 10.779064542979683,
        "sourceContract": "terra1udqrxagr6tu0snr89hcyntj3zm0tjra3pslalsvyq6aczmr7aqtsfyyv48",
        "sourcePairId": "astro-cwlunc",
        "sourceType": "primary",
        "timestamp": "2026-04-13T19:57:18Z",
        "tokenAmount": 92.772429,
        "tokenSymbol": "ASTRO",
        "txhash": "8C969AF1FBBD6C332F882D67D20CF97C1288F51CA4ECC2827C70AE6266F0EE8E",
        "type": "BUY",
        "value": 1000.0,
        "wallet": "terra1ypxlst5h5e4d64zun5nw8j9xzmghuemflu7m5h"
      },
      {
        "amount": 158.615229,
        "baseAmount": 1710.734601,
        "baseSymbol": "CWLUNC",
        "executionType": "direct",
        "pairId": "astro-cwlunc",
        "price": 10.785437260882434,
        "sourceContract": "terra1udqrxagr6tu0snr89hcyntj3zm0tjra3pslalsvyq6aczmr7aqtsfyyv48",
        "sourcePairId": "astro-cwlunc",
        "sourceType": "primary",
        "timestamp": "2026-04-13T19:56:36Z",
        "tokenAmount": 158.615229,
        "tokenSymbol": "ASTRO",
        "txhash": "9B15978F01A8088EFF0D62DEE8AD8E611BDE4E0D9FF0900DB57DFDF0D369BEB6",
        "type": "BUY",
        "value": 1710.734601,
        "wallet": "terra1nynrxdccq0r9ghrz0sq7tjkkh8wug0ggg4lkzsags8r9dyhf7ypqx5gsr8"
      },
      {
        "amount": 92.772429,
        "baseAmount": 1000.0,
        "baseSymbol": "CWLUNC",
        "executionType": "direct",
        "pairId": "astro-cwlunc",
        "price": 10.779064542979683,
        "sourceContract": "terra1udqrxagr6tu0snr89hcyntj3zm0tjra3pslalsvyq6aczmr7aqtsfyyv48",
        "sourcePairId": "astro-cwlunc",
        "sourceType": "primary",
        "timestamp": "2026-04-13T19:29:14Z",
        "tokenAmount": 92.772429,
        "tokenSymbol": "ASTRO",
        "txhash": "E59103C49A461357462337BE981CDC9EA532852C15CAE6481C2A7528C756F1AE",
        "type": "BUY",
        "value": 1000.0,
        "wallet": "terra1ypxlst5h5e4d64zun5nw8j9xzmghuemflu7m5h"
      },
      {
        "amount": 1112.749559,
        "baseAmount": 12044.260627,
        "baseSymbol": "CWLUNC",
        "executionType": "direct",
        "pairId": "astro-cwlunc",
        "price": 10.823873646666616,
        "sourceContract": "terra1nujm9zqa4hpaz9s8wrhrp86h3m9xwprjt9kmf9",
        "sourcePairId": "astro-cwlunc-ref-1",
        "sourceType": "reference",
        "timestamp": "2026-04-13T12:06:27Z",
        "tokenAmount": 1112.749559,
        "tokenSymbol": "ASTRO",
        "txhash": "9162BBE309AF7BEDB2CD144BA7EB7728D635321BBC9C733FC633DDFD69ED457A",
        "type": "SELL",
        "value": 12044.260627,
        "wallet": "terra1ydeh9exz82qrzw82ycjr6n462u5ldt8m8qt4rh"
      },
      {
        "amount": 1079.846665,
        "baseAmount": 11921.802129,
        "baseSymbol": "CWLUNC",
        "executionType": "direct",
        "pairId": "astro-cwlunc",
        "price": 11.04027313822375,
        "sourceContract": "terra1nujm9zqa4hpaz9s8wrhrp86h3m9xwprjt9kmf9",
        "sourcePairId": "astro-cwlunc-ref-1",
        "sourceType": "reference",
        "timestamp": "2026-04-12T11:08:22Z",
        "tokenAmount": 1079.846665,
        "tokenSymbol": "ASTRO",
        "txhash": "84F872DE9B8E89A49E34B5330C2759C1C7FBEE735DD942D33E9DD7634A4CC4E9",
        "type": "SELL",
        "value": 11921.802129,
        "wallet": "terra1ydeh9exz82qrzw82ycjr6n462u5ldt8m8qt4rh"
      },
      {
        "amount": 89.17271,
        "baseAmount": 1000.0,
        "baseSymbol": "CWLUNC",
        "executionType": "direct",
        "pairId": "astro-cwlunc",
        "price": 11.214193221222054,
        "sourceContract": "terra1udqrxagr6tu0snr89hcyntj3zm0tjra3pslalsvyq6aczmr7aqtsfyyv48",
        "sourcePairId": "astro-cwlunc",
        "sourceType": "primary",
        "timestamp": "2026-04-10T04:55:43Z",
        "tokenAmount": 89.17271,
        "tokenSymbol": "ASTRO",
        "txhash": "527F67ACDC698B07F69C36E0A596654C8FED562B2CC0FE900D82782AE29EDFCC",
        "type": "BUY",
        "value": 1000.0,
        "wallet": "terra17qfdg4k5mdgat2a3ydg6kfj5u6uxcw85gkglwc"
      },
      {
        "amount": 65.686101,
        "baseAmount": 736.458311,
        "baseSymbol": "CWLUNC",
        "executionType": "direct",
        "pairId": "astro-cwlunc",
        "price": 11.211783007184428,
        "sourceContract": "terra1udqrxagr6tu0snr89hcyntj3zm0tjra3pslalsvyq6aczmr7aqtsfyyv48",
        "sourcePairId": "astro-cwlunc",
        "sourceType": "primary",
        "timestamp": "2026-04-07T05:45:53Z",
        "tokenAmount": 65.686101,
        "tokenSymbol": "ASTRO",
        "txhash": "69B131532D3B78BBFC35AEB52E4376E2040B40CBACC491A39002A690284A7E6C",
        "type": "BUY",
        "value": 736.458311,
        "wallet": "terra1nynrxdccq0r9ghrz0sq7tjkkh8wug0ggg4lkzsags8r9dyhf7ypqx5gsr8"
      },
      {
        "amount": 1079.380223,
        "baseAmount": 12153.604714,
        "baseSymbol": "CWLUNC",
        "executionType": "direct",
        "pairId": "astro-cwlunc",
        "price": 11.259799332083928,
        "sourceContract": "terra1nujm9zqa4hpaz9s8wrhrp86h3m9xwprjt9kmf9",
        "sourcePairId": "astro-cwlunc-ref-1",
        "sourceType": "reference",
        "timestamp": "2026-04-04T14:30:45Z",
        "tokenAmount": 1079.380223,
        "tokenSymbol": "ASTRO",
        "txhash": "B9EB74574E988CA9FCCFB43253BC63B6F5E961641AFC8E9702915E083FD5A356",
        "type": "SELL",
        "value": 12153.604714,
        "wallet": "terra1ydeh9exz82qrzw82ycjr6n462u5ldt8m8qt4rh"
      },
      {
        "amount": 1071.305866,
        "baseAmount": 12136.167609,
        "baseSymbol": "CWLUNC",
        "executionType": "direct",
        "pairId": "astro-cwlunc",
        "price": 11.328387152693889,
        "sourceContract": "terra1nujm9zqa4hpaz9s8wrhrp86h3m9xwprjt9kmf9",
        "sourcePairId": "astro-cwlunc-ref-1",
        "sourceType": "reference",
        "timestamp": "2026-04-03T20:42:45Z",
        "tokenAmount": 1071.305866,
        "tokenSymbol": "ASTRO",
        "txhash": "BD54FB3AD640FA157E050DB7387C78ABCC079D2F9D567547CCBE5103AFDE5750",
        "type": "BUY",
        "value": 12136.167609,
        "wallet": "terra1ydeh9exz82qrzw82ycjr6n462u5ldt8m8qt4rh"
      },
      {
        "amount": 1084.736589,
        "baseAmount": 12048.370238,
        "baseSymbol": "CWLUNC",
        "executionType": "direct",
        "pairId": "astro-cwlunc",
        "price": 11.10718524679543,
        "sourceContract": "terra1nujm9zqa4hpaz9s8wrhrp86h3m9xwprjt9kmf9",
        "sourcePairId": "astro-cwlunc-ref-1",
        "sourceType": "reference",
        "timestamp": "2026-04-03T20:25:25Z",
        "tokenAmount": 1084.736589,
        "tokenSymbol": "ASTRO",
        "txhash": "9FD6A433CA775DBE3C78160809B5B0AED8896E01798DFEB7BEF8197B7D877F6F",
        "type": "BUY",
        "value": 12048.370238,
        "wallet": "terra1ydeh9exz82qrzw82ycjr6n462u5ldt8m8qt4rh"
      }
    ],
    "astro-cwustc": [
      {
        "amount": 15.0,
        "baseAmount": 158.615229,
        "baseSymbol": "CWUSTC",
        "executionType": "routed",
        "pairId": "astro-cwustc",
        "price": 10.5743486,
        "sourceContract": "terra1nynrxdccq0r9ghrz0sq7tjkkh8wug0ggg4lkzsags8r9dyhf7ypqx5gsr8",
        "sourcePairId": "astro-cwustc",
        "sourceType": "routed",
        "timestamp": "2026-04-13T19:56:36Z",
        "tokenAmount": 15.0,
        "tokenSymbol": "ASTRO",
        "txhash": "9B15978F01A8088EFF0D62DEE8AD8E611BDE4E0D9FF0900DB57DFDF0D369BEB6",
        "type": "SWAP",
        "value": 158.615229,
        "wallet": ""
      }
    ],
    "astro-lunc": [
      {
        "amount": 1500.0,
        "baseAmount": 286.811595,
        "baseSymbol": "LUNC",
        "executionType": "routed",
        "pairId": "astro-lunc",
        "price": 0.19120773000000002,
        "sourceContract": "terra1nynrxdccq0r9ghrz0sq7tjkkh8wug0ggg4lkzsags8r9dyhf7ypqx5gsr8",
        "sourcePairId": "astro-lunc",
        "sourceType": "routed",
        "timestamp": "2026-05-02T01:04:01Z",
        "tokenAmount": 1500.0,
        "tokenSymbol": "ASTRO",
        "txhash": "3A0794DB72932B4DF690E86D06ACE4CF79D80A436CFBCB7336CF52ACB06A9387",
        "type": "SWAP",
        "value": 286.811595,
        "wallet": ""
      },
      {
        "amount": 349.809,
        "baseAmount": 2762.288666,
        "baseSymbol": "LUNC",
        "executionType": "routed",
        "pairId": "astro-lunc",
        "price": 7.89656259844658,
        "sourceContract": "terra1nynrxdccq0r9ghrz0sq7tjkkh8wug0ggg4lkzsags8r9dyhf7ypqx5gsr8",
        "sourcePairId": "astro-lunc",
        "sourceType": "routed",
        "timestamp": "2026-04-30T02:37:34Z",
        "tokenAmount": 349.809,
        "tokenSymbol": "ASTRO",
        "txhash": "957A091D57827B3D8CD4CB2CDE83B3B4B329CAA9DABF0F7A2584164897B6AD36",
        "type": "SWAP",
        "value": 2762.288666,
        "wallet": ""
      },
      {
        "amount": 321.0,
        "baseAmount": 139.169707,
        "baseSymbol": "LUNC",
        "executionType": "routed",
        "pairId": "astro-lunc",
        "price": 0.4335504890965732,
        "sourceContract": "terra1nynrxdccq0r9ghrz0sq7tjkkh8wug0ggg4lkzsags8r9dyhf7ypqx5gsr8",
        "sourcePairId": "astro-lunc",
        "sourceType": "routed",
        "timestamp": "2026-04-29T23:47:00Z",
        "tokenAmount": 321.0,
        "tokenSymbol": "ASTRO",
        "txhash": "6E12396D80A17D1ABE545FEF6BF64324946D3F7D8BD2EF9DF0C5D43DEC1B157D",
        "type": "SWAP",
        "value": 139.169707,
        "wallet": ""
      },
      {
        "amount": 123.0,
        "baseAmount": 113.232296,
        "baseSymbol": "LUNC",
        "executionType": "routed",
        "pairId": "astro-lunc",
        "price": 0.9205877723577236,
        "sourceContract": "terra1nynrxdccq0r9ghrz0sq7tjkkh8wug0ggg4lkzsags8r9dyhf7ypqx5gsr8",
        "sourcePairId": "astro-lunc",
        "sourceType": "routed",
        "timestamp": "2026-04-27T01:15:44Z",
        "tokenAmount": 123.0,
        "tokenSymbol": "ASTRO",
        "txhash": "6EDF3DBF10E9766C278157A5432CABC7BE877E3DA8B9892BD272F8CB52926C8D",
        "type": "SWAP",
        "value": 113.232296,
        "wallet": ""
      }
    ],
    "astro-mdot": [],
    "astro-ustc": [
      {
        "amount": 10.0,
        "baseAmount": 210.639991,
        "baseSymbol": "ASTRO",
        "executionType": "routed",
        "pairId": "astro-ustc",
        "price": 21.0639991,
        "sourceContract": "terra1nynrxdccq0r9ghrz0sq7tjkkh8wug0ggg4lkzsags8r9dyhf7ypqx5gsr8",
        "sourcePairId": "astro-ustc",
        "sourceType": "routed",
        "timestamp": "2026-04-29T03:23:31Z",
        "tokenAmount": 10.0,
        "tokenSymbol": "USTC",
        "txhash": "0708252269F1C2D8FC582C5255CB0884E99569972ACEC3E10D468C436E425322",
        "type": "SWAP",
        "value": 210.639991,
        "wallet": ""
      }
    ],
    "astro-wavax": [],
    "cwlunc-cwustc": [
      {
        "amount": 172.006552,
        "baseAmount": 2.141081,
        "baseSymbol": "CWUSTC",
        "executionType": "direct",
        "pairId": "cwlunc-cwustc",
        "price": 0.01244767117940949,
        "sourceContract": "terra1l7vy20x940je7lskm6x9s839vjsmekz9k9mv7g",
        "sourcePairId": "cwlunc-cwustc-ref-1",
        "sourceType": "reference",
        "timestamp": "2026-05-09T21:25:59Z",
        "tokenAmount": 172.006552,
        "tokenSymbol": "CWLUNC",
        "txhash": "245E6620E6D2446DE3546FF286B8098D0AEA952D0F4E6F83CA42D396D1E72DFE",
        "type": "BUY",
        "value": 2.141081,
        "wallet": "terra1qx7dr02zvcgt40pmjznh5mwuuevlrpw00yu3l0"
      },
      {
        "amount": 30449.411302,
        "baseAmount": 386.965558,
        "baseSymbol": "CWUSTC",
        "executionType": "direct",
        "pairId": "cwlunc-cwustc",
        "price": 0.012708474202080322,
        "sourceContract": "terra1l7yt60npu2vj67v7qhdam3l7h0pejtsgysfjll2srqaxppt635pqqjh8hc",
        "sourcePairId": "cwlunc-cwustc",
        "sourceType": "primary",
        "timestamp": "2026-05-09T20:48:56Z",
        "tokenAmount": 30449.411302,
        "tokenSymbol": "CWLUNC",
        "txhash": "4CB8E45A0A3EE12B4D0765EE36AF90B3A9B843D7BEE604E164D72E1AA44569D7",
        "type": "SELL",
        "value": 386.965558,
        "wallet": "terra1nynrxdccq0r9ghrz0sq7tjkkh8wug0ggg4lkzsags8r9dyhf7ypqx5gsr8"
      },
      {
        "amount": 983.519086,
        "baseAmount": 12.242459,
        "baseSymbol": "CWUSTC",
        "executionType": "direct",
        "pairId": "cwlunc-cwustc",
        "price": 0.012447606939475296,
        "sourceContract": "terra1l7vy20x940je7lskm6x9s839vjsmekz9k9mv7g",
        "sourcePairId": "cwlunc-cwustc-ref-1",
        "sourceType": "reference",
        "timestamp": "2026-05-09T20:24:13Z",
        "tokenAmount": 983.519086,
        "tokenSymbol": "CWLUNC",
        "txhash": "6AAFD2EF8BD6DD411DB81045775EAE21541F95820321B71C6C80DEFB17ECD70A",
        "type": "BUY",
        "value": 12.242459,
        "wallet": "terra1q6kgwj58exhxtu7lafn0tfkpvxf3usc9nwpzaq"
      },
      {
        "amount": 8998.114204,
        "baseAmount": 112.0,
        "baseSymbol": "CWUSTC",
        "executionType": "direct",
        "pairId": "cwlunc-cwustc",
        "price": 0.012447052511315292,
        "sourceContract": "terra1l7vy20x940je7lskm6x9s839vjsmekz9k9mv7g",
        "sourcePairId": "cwlunc-cwustc-ref-1",
        "sourceType": "reference",
        "timestamp": "2026-05-09T20:19:37Z",
        "tokenAmount": 8998.114204,
        "tokenSymbol": "CWLUNC",
        "txhash": "C09F473059C8D002F3830E0B86C673E58D034F6D414E9229EA2C51FF5C266BBF",
        "type": "BUY",
        "value": 112.0,
        "wallet": "terra1uzg9jfyl5k685qj3hk2v7ac6td3yg33lqgujes"
      },
      {
        "amount": 155.98002,
        "baseAmount": 1.941412,
        "baseSymbol": "CWUSTC",
        "executionType": "direct",
        "pairId": "cwlunc-cwustc",
        "price": 0.012446542832857696,
        "sourceContract": "terra1l7vy20x940je7lskm6x9s839vjsmekz9k9mv7g",
        "sourcePairId": "cwlunc-cwustc-ref-1",
        "sourceType": "reference",
        "timestamp": "2026-05-09T20:18:15Z",
        "tokenAmount": 155.98002,
        "tokenSymbol": "CWLUNC",
        "txhash": "AFC2206FF4E61311EA1B629A3AE71ABF6AE52F76789F135C7C445E4A0303E36F",
        "type": "BUY",
        "value": 1.941412,
        "wallet": "terra1g3zc8lwwmkrm0cz9wkgl849pdqaw6cq8lh7872"
      },
      {
        "amount": 152.887487,
        "baseAmount": 1.891519,
        "baseSymbol": "CWUSTC",
        "executionType": "direct",
        "pairId": "cwlunc-cwustc",
        "price": 0.012371967367087407,
        "sourceContract": "terra1l7vy20x940je7lskm6x9s839vjsmekz9k9mv7g",
        "sourcePairId": "cwlunc-cwustc-ref-1",
        "sourceType": "reference",
        "timestamp": "2026-05-09T20:17:58Z",
        "tokenAmount": 152.887487,
        "tokenSymbol": "CWLUNC",
        "txhash": "097C04533CD2D79851EA59BE68696EB87D83F658354E13F072A3F2821A1BBD1C",
        "type": "SELL",
        "value": 1.891519,
        "wallet": "terra1g3zc8lwwmkrm0cz9wkgl849pdqaw6cq8lh7872"
      },
      {
        "amount": 33384.690292,
        "baseAmount": 415.462377,
        "baseSymbol": "CWUSTC",
        "executionType": "direct",
        "pairId": "cwlunc-cwustc",
        "price": 0.012444697655306917,
        "sourceContract": "terra1l7vy20x940je7lskm6x9s839vjsmekz9k9mv7g",
        "sourcePairId": "cwlunc-cwustc-ref-1",
        "sourceType": "reference",
        "timestamp": "2026-05-09T20:10:51Z",
        "tokenAmount": 33384.690292,
        "tokenSymbol": "CWLUNC",
        "txhash": "A8C247CA6A4F5FAF933F8DF9E37167CA2529AD9784CEA72BDA244AFDEED446B6",
        "type": "BUY",
        "value": 415.462377,
        "wallet": "terra1vv96llxnpqshzu0s426kqhanvte3ls3l8dfp4l"
      },
      {
        "amount": 102753.827468,
        "baseAmount": 1282.667279,
        "baseSymbol": "CWUSTC",
        "executionType": "direct",
        "pairId": "cwlunc-cwustc",
        "price": 0.01248291485199861,
        "sourceContract": "terra1m6ywlgn6wrjuagcmmezzz2a029gtldhey5k552",
        "sourcePairId": "cwlunc-cwustc-ref-2",
        "sourceType": "reference",
        "timestamp": "2026-05-09T19:56:24Z",
        "tokenAmount": 102753.827468,
        "tokenSymbol": "CWLUNC",
        "txhash": "D37A047A5E6591E9E4CD7CCB8E924EA9B2890D3B3BCD17B9CFF18476A55B0F86",
        "type": "SELL",
        "value": 1282.667279,
        "wallet": "terra1q7a9kg5xusufjfjp3v8ghsc7urfrlj8m99hlwh"
      },
      {
        "amount": 1224.943217,
        "baseAmount": 15.241688,
        "baseSymbol": "CWUSTC",
        "executionType": "direct",
        "pairId": "cwlunc-cwustc",
        "price": 0.012442771051321312,
        "sourceContract": "terra1l7vy20x940je7lskm6x9s839vjsmekz9k9mv7g",
        "sourcePairId": "cwlunc-cwustc-ref-1",
        "sourceType": "reference",
        "timestamp": "2026-05-09T19:30:02Z",
        "tokenAmount": 1224.943217,
        "tokenSymbol": "CWLUNC",
        "txhash": "1C25355A1128AEF6EA60B90158D81ADA0F164713C559B9B4E3CC23D64BFCE14D",
        "type": "BUY",
        "value": 15.241688,
        "wallet": "terra14clxzphwlc6609ku2vcdpdfdlstq3evjvl9hgq"
      },
      {
        "amount": 16074.830509,
        "baseAmount": 200.0,
        "baseSymbol": "CWUSTC",
        "executionType": "direct",
        "pairId": "cwlunc-cwustc",
        "price": 0.012441810810261652,
        "sourceContract": "terra1l7vy20x940je7lskm6x9s839vjsmekz9k9mv7g",
        "sourcePairId": "cwlunc-cwustc-ref-1",
        "sourceType": "reference",
        "timestamp": "2026-05-09T19:17:09Z",
        "tokenAmount": 16074.830509,
        "tokenSymbol": "CWLUNC",
        "txhash": "43CADC26A14774B7E4FE55C45F492BCD0B5C4E6FA65F217D6D42B41FA001AAE5",
        "type": "BUY",
        "value": 200.0,
        "wallet": "terra1g3zc8lwwmkrm0cz9wkgl849pdqaw6cq8lh7872"
      },
      {
        "amount": 62.890964,
        "baseAmount": 0.782421,
        "baseSymbol": "CWUSTC",
        "executionType": "direct",
        "pairId": "cwlunc-cwustc",
        "price": 0.012440912815392686,
        "sourceContract": "terra1l7vy20x940je7lskm6x9s839vjsmekz9k9mv7g",
        "sourcePairId": "cwlunc-cwustc-ref-1",
        "sourceType": "reference",
        "timestamp": "2026-05-09T19:03:46Z",
        "tokenAmount": 62.890964,
        "tokenSymbol": "CWLUNC",
        "txhash": "4227EC6655CADE019E92BE5A75324EEAFCFDD485D9B2DBCB04137AB2853DF208",
        "type": "BUY",
        "value": 0.782421,
        "wallet": "terra1nhgmrmxde9k92dg6rkfgwca7zljlkyu88zwk68"
      },
      {
        "amount": 6054.304132,
        "baseAmount": 75.319014,
        "baseSymbol": "CWUSTC",
        "executionType": "direct",
        "pairId": "cwlunc-cwustc",
        "price": 0.01244057324472711,
        "sourceContract": "terra1l7vy20x940je7lskm6x9s839vjsmekz9k9mv7g",
        "sourcePairId": "cwlunc-cwustc-ref-1",
        "sourceType": "reference",
        "timestamp": "2026-05-09T19:02:18Z",
        "tokenAmount": 6054.304132,
        "tokenSymbol": "CWLUNC",
        "txhash": "7BDA7CE962F83A84EABE37BAADB6DEF52D45B74D8FA90B6C1523577EC52C02D2",
        "type": "BUY",
        "value": 75.319014,
        "wallet": "terra1ydeh9exz82qrzw82ycjr6n462u5ldt8m8qt4rh"
      },
      {
        "amount": 9094.619808,
        "baseAmount": 113.134631,
        "baseSymbol": "CWUSTC",
        "executionType": "direct",
        "pairId": "cwlunc-cwustc",
        "price": 0.0124397317742169,
        "sourceContract": "terra1l7vy20x940je7lskm6x9s839vjsmekz9k9mv7g",
        "sourcePairId": "cwlunc-cwustc-ref-1",
        "sourceType": "reference",
        "timestamp": "2026-05-09T19:01:54Z",
        "tokenAmount": 9094.619808,
        "tokenSymbol": "CWLUNC",
        "txhash": "54179865EED8DA0F48FB7116A11ACF90CEB66AD0D220579BB16F3D483C806A8B",
        "type": "BUY",
        "value": 113.134631,
        "wallet": "terra1q7a9kg5xusufjfjp3v8ghsc7urfrlj8m99hlwh"
      },
      {
        "amount": 1374575.699209,
        "baseAmount": 17100.733078,
        "baseSymbol": "CWUSTC",
        "executionType": "direct",
        "pairId": "cwlunc-cwustc",
        "price": 0.012440735776022102,
        "sourceContract": "terra1l7vy20x940je7lskm6x9s839vjsmekz9k9mv7g",
        "sourcePairId": "cwlunc-cwustc-ref-1",
        "sourceType": "reference",
        "timestamp": "2026-05-09T19:01:48Z",
        "tokenAmount": 1374575.699209,
        "tokenSymbol": "CWLUNC",
        "txhash": "6CB4E8511FC49D10F6F96B6F1B0656C468E345691ACBCE9BF573D224C7938832",
        "type": "SELL",
        "value": 17100.733078,
        "wallet": "terra16aumxyfeh2vrd2kr9qk2gadmwmg4jm5kw6nryp"
      },
      {
        "amount": 100000.0,
        "baseAmount": 1252.307075,
        "baseSymbol": "CWUSTC",
        "executionType": "direct",
        "pairId": "cwlunc-cwustc",
        "price": 0.012523070749999999,
        "sourceContract": "terra1l7vy20x940je7lskm6x9s839vjsmekz9k9mv7g",
        "sourcePairId": "cwlunc-cwustc-ref-1",
        "sourceType": "reference",
        "timestamp": "2026-05-09T18:56:32Z",
        "tokenAmount": 100000.0,
        "tokenSymbol": "CWLUNC",
        "txhash": "85E2D50C42F5B8E55C28F09DFDAA90C5445929C53757F18CE86A46E0DAD4E241",
        "type": "SELL",
        "value": 1252.307075,
        "wallet": "terra18rawaw4w99x45z57dpc7me9xdmntr8ufpnwvcy"
      },
      {
        "amount": 1000.0,
        "baseAmount": 12.821761,
        "baseSymbol": "CWUSTC",
        "executionType": "direct",
        "pairId": "cwlunc-cwustc",
        "price": 0.012821761000000001,
        "sourceContract": "terra1l7yt60npu2vj67v7qhdam3l7h0pejtsgysfjll2srqaxppt635pqqjh8hc",
        "sourcePairId": "cwlunc-cwustc",
        "sourceType": "primary",
        "timestamp": "2026-05-09T18:35:56Z",
        "tokenAmount": 1000.0,
        "tokenSymbol": "CWLUNC",
        "txhash": "97F5D927E3F0A360CE8AA9924B16F0B8C5511489A5224D042B01C04A59B8E296",
        "type": "SELL",
        "value": 12.821761,
        "wallet": "terra1nynrxdccq0r9ghrz0sq7tjkkh8wug0ggg4lkzsags8r9dyhf7ypqx5gsr8"
      },
      {
        "amount": 79.338633,
        "baseAmount": 1.0,
        "baseSymbol": "CWUSTC",
        "executionType": "direct",
        "pairId": "cwlunc-cwustc",
        "price": 0.012604200024469794,
        "sourceContract": "terra1l7vy20x940je7lskm6x9s839vjsmekz9k9mv7g",
        "sourcePairId": "cwlunc-cwustc-ref-1",
        "sourceType": "reference",
        "timestamp": "2026-05-09T18:23:56Z",
        "tokenAmount": 79.338633,
        "tokenSymbol": "CWLUNC",
        "txhash": "2AEA1A8C3267D360A51662801CC804D08572162948DDDA361221BCCB07B01DED",
        "type": "BUY",
        "value": 1.0,
        "wallet": "terra1hca4q56ltk3rg9urnm7curtewy5g3sygptxd5q"
      },
      {
        "amount": 178059.571157,
        "baseAmount": 2242.505111,
        "baseSymbol": "CWUSTC",
        "executionType": "direct",
        "pairId": "cwlunc-cwustc",
        "price": 0.01259412845054379,
        "sourceContract": "terra1l7vy20x940je7lskm6x9s839vjsmekz9k9mv7g",
        "sourcePairId": "cwlunc-cwustc-ref-1",
        "sourceType": "reference",
        "timestamp": "2026-05-09T18:23:26Z",
        "tokenAmount": 178059.571157,
        "tokenSymbol": "CWLUNC",
        "txhash": "5CB44C653D98C8F9B3372C7309889D6EB51BC03AEC4355DD259CA9EB732AB265",
        "type": "BUY",
        "value": 2242.505111,
        "wallet": "terra1mk3dpc2eyf0qcwdvcq688fs48z4trhuhdg7agu"
      },
      {
        "amount": 159044.861417,
        "baseAmount": 2000.0,
        "baseSymbol": "CWUSTC",
        "executionType": "direct",
        "pairId": "cwlunc-cwustc",
        "price": 0.012575068330917,
        "sourceContract": "terra1l7vy20x940je7lskm6x9s839vjsmekz9k9mv7g",
        "sourcePairId": "cwlunc-cwustc-ref-1",
        "sourceType": "reference",
        "timestamp": "2026-05-09T18:16:30Z",
        "tokenAmount": 159044.861417,
        "tokenSymbol": "CWLUNC",
        "txhash": "F9E2A265A580A5BA586198DC0194B5336BDAB9B861AD10A362FEE0EC27D66664",
        "type": "BUY",
        "value": 2000.0,
        "wallet": "terra1g3zc8lwwmkrm0cz9wkgl849pdqaw6cq8lh7872"
      },
      {
        "amount": 10986.889862,
        "baseAmount": 138.0,
        "baseSymbol": "CWUSTC",
        "executionType": "direct",
        "pairId": "cwlunc-cwustc",
        "price": 0.012560424445255989,
        "sourceContract": "terra1m6ywlgn6wrjuagcmmezzz2a029gtldhey5k552",
        "sourcePairId": "cwlunc-cwustc-ref-2",
        "sourceType": "reference",
        "timestamp": "2026-05-09T17:43:32Z",
        "tokenAmount": 10986.889862,
        "tokenSymbol": "CWLUNC",
        "txhash": "D7490CAE6C01FBD29F50F4F68E99E7C0E43CF766FC04CA045C57037C538D16DC",
        "type": "BUY",
        "value": 138.0,
        "wallet": "terra1uddnkhxgh5y3du4xjexj8m306thn4vsagc8hyh"
      },
      {
        "amount": 15917.002076,
        "baseAmount": 200.0,
        "baseSymbol": "CWUSTC",
        "executionType": "direct",
        "pairId": "cwlunc-cwustc",
        "price": 0.01256518024217414,
        "sourceContract": "terra1l7vy20x940je7lskm6x9s839vjsmekz9k9mv7g",
        "sourcePairId": "cwlunc-cwustc-ref-1",
        "sourceType": "reference",
        "timestamp": "2026-05-09T17:38:27Z",
        "tokenAmount": 15917.002076,
        "tokenSymbol": "CWLUNC",
        "txhash": "94890CD75AD9F7DA867128C0DBD619E7DFADB3705A0CB7B559EBF92D3A258E6F",
        "type": "BUY",
        "value": 200.0,
        "wallet": "terra1g3zc8lwwmkrm0cz9wkgl849pdqaw6cq8lh7872"
      },
      {
        "amount": 403.525606,
        "baseAmount": 5.07,
        "baseSymbol": "CWUSTC",
        "executionType": "direct",
        "pairId": "cwlunc-cwustc",
        "price": 0.012564258437666532,
        "sourceContract": "terra1l7vy20x940je7lskm6x9s839vjsmekz9k9mv7g",
        "sourcePairId": "cwlunc-cwustc-ref-1",
        "sourceType": "reference",
        "timestamp": "2026-05-09T16:46:20Z",
        "tokenAmount": 403.525606,
        "tokenSymbol": "CWLUNC",
        "txhash": "56DD56846C46EF67808F726F76ADDC46C9C448F3EB4612224C53C6332E6D9C00",
        "type": "BUY",
        "value": 5.07,
        "wallet": "terra1c4n2dwh462k778thupuu2x3m59mn5hts0nhq53"
      },
      {
        "amount": 20362.387198,
        "baseAmount": 255.814484,
        "baseSymbol": "CWUSTC",
        "executionType": "direct",
        "pairId": "cwlunc-cwustc",
        "price": 0.012563089067726114,
        "sourceContract": "terra1l7vy20x940je7lskm6x9s839vjsmekz9k9mv7g",
        "sourcePairId": "cwlunc-cwustc-ref-1",
        "sourceType": "reference",
        "timestamp": "2026-05-09T16:26:30Z",
        "tokenAmount": 20362.387198,
        "tokenSymbol": "CWLUNC",
        "txhash": "336049E89E1B002A627B9FA3D766EF73A957D6C4BF4E4BE5AA69418E7691537C",
        "type": "BUY",
        "value": 255.814484,
        "wallet": "terra1nyr362yar4k9zqn88kru4h85e6eth74tecg2fy"
      },
      {
        "amount": 80492.239917,
        "baseAmount": 1005.097164,
        "baseSymbol": "CWUSTC",
        "executionType": "direct",
        "pairId": "cwlunc-cwustc",
        "price": 0.012486882773251325,
        "sourceContract": "terra1m6ywlgn6wrjuagcmmezzz2a029gtldhey5k552",
        "sourcePairId": "cwlunc-cwustc-ref-2",
        "sourceType": "reference",
        "timestamp": "2026-05-09T16:26:30Z",
        "tokenAmount": 80492.239917,
        "tokenSymbol": "CWLUNC",
        "txhash": "09F23B44F95CE7E1C260AF7BDD232269B48401463ABB429EAF10E0B80F6D73B0",
        "type": "SELL",
        "value": 1005.097164,
        "wallet": "terra1q7a9kg5xusufjfjp3v8ghsc7urfrlj8m99hlwh"
      },
      {
        "amount": 30369.607021,
        "baseAmount": 381.449239,
        "baseSymbol": "CWUSTC",
        "executionType": "direct",
        "pairId": "cwlunc-cwustc",
        "price": 0.01256022966435605,
        "sourceContract": "terra1l7vy20x940je7lskm6x9s839vjsmekz9k9mv7g",
        "sourcePairId": "cwlunc-cwustc-ref-1",
        "sourceType": "reference",
        "timestamp": "2026-05-09T16:15:12Z",
        "tokenAmount": 30369.607021,
        "tokenSymbol": "CWLUNC",
        "txhash": "5E298661B8ABEA48BD88B9F673951A0F0AE4C1B6D9B7880E965009324B1FDE2C",
        "type": "BUY",
        "value": 381.449239,
        "wallet": "terra1ryp7k6cwpmwemga4738yl66xntwng25awjhu60"
      },
      {
        "amount": 50000.0,
        "baseAmount": 624.303313,
        "baseSymbol": "CWUSTC",
        "executionType": "direct",
        "pairId": "cwlunc-cwustc",
        "price": 0.01248606626,
        "sourceContract": "terra1l7vy20x940je7lskm6x9s839vjsmekz9k9mv7g",
        "sourcePairId": "cwlunc-cwustc-ref-1",
        "sourceType": "reference",
        "timestamp": "2026-05-09T16:10:36Z",
        "tokenAmount": 50000.0,
        "tokenSymbol": "CWLUNC",
        "txhash": "2EBAFE9796DBD2B9B56DBB02C020460BA28EC34EE388B5E412119CAE9B56BAA6",
        "type": "SELL",
        "value": 624.303313,
        "wallet": "terra1g3zc8lwwmkrm0cz9wkgl849pdqaw6cq8lh7872"
      },
      {
        "amount": 61317.589825,
        "baseAmount": 770.309357,
        "baseSymbol": "CWUSTC",
        "executionType": "direct",
        "pairId": "cwlunc-cwustc",
        "price": 0.012562616358510793,
        "sourceContract": "terra1m6ywlgn6wrjuagcmmezzz2a029gtldhey5k552",
        "sourcePairId": "cwlunc-cwustc-ref-2",
        "sourceType": "reference",
        "timestamp": "2026-05-09T15:54:29Z",
        "tokenAmount": 61317.589825,
        "tokenSymbol": "CWLUNC",
        "txhash": "167CC4C3C5C80AB7416E70186D5C794CC6C4DC0E35663A98A983F6A62E2B1C00",
        "type": "BUY",
        "value": 770.309357,
        "wallet": "terra1q7a9kg5xusufjfjp3v8ghsc7urfrlj8m99hlwh"
      },
      {
        "amount": 192091.816596,
        "baseAmount": 2411.391643,
        "baseSymbol": "CWUSTC",
        "executionType": "direct",
        "pairId": "cwlunc-cwustc",
        "price": 0.012553328328772822,
        "sourceContract": "terra1l7vy20x940je7lskm6x9s839vjsmekz9k9mv7g",
        "sourcePairId": "cwlunc-cwustc-ref-1",
        "sourceType": "reference",
        "timestamp": "2026-05-09T15:53:07Z",
        "tokenAmount": 192091.816596,
        "tokenSymbol": "CWLUNC",
        "txhash": "4503A8324D3C180D70ACFAB7B7E3ED0B1F549DD73BC47858FB394B924F0EAC37",
        "type": "BUY",
        "value": 2411.391643,
        "wallet": "terra10adzm06jk29w6cq0ytmg96xmfwpl4x6xuuxcv3"
      },
      {
        "amount": 328935.802502,
        "baseAmount": 4129.109944,
        "baseSymbol": "CWUSTC",
        "executionType": "direct",
        "pairId": "cwlunc-cwustc",
        "price": 0.012552935595920404,
        "sourceContract": "terra1m6ywlgn6wrjuagcmmezzz2a029gtldhey5k552",
        "sourcePairId": "cwlunc-cwustc-ref-2",
        "sourceType": "reference",
        "timestamp": "2026-05-09T15:51:21Z",
        "tokenAmount": 328935.802502,
        "tokenSymbol": "CWLUNC",
        "txhash": "9842CA944077C91A75402DBE4957AD999658AFEC533F5C00375E948A081985AA",
        "type": "BUY",
        "value": 4129.109944,
        "wallet": "terra16e0s5t7q69elnlchrupryw3h7vu8zk23pkcn85"
      },
      {
        "amount": 297.342695,
        "baseAmount": 3.729415,
        "baseSymbol": "CWUSTC",
        "executionType": "direct",
        "pairId": "cwlunc-cwustc",
        "price": 0.01254248065519148,
        "sourceContract": "terra1l7vy20x940je7lskm6x9s839vjsmekz9k9mv7g",
        "sourcePairId": "cwlunc-cwustc-ref-1",
        "sourceType": "reference",
        "timestamp": "2026-05-09T15:50:40Z",
        "tokenAmount": 297.342695,
        "tokenSymbol": "CWLUNC",
        "txhash": "C15698BB77C7017C593B2AA0644B0FB2FB3B5D15EC65648A8F431A18D798C32A",
        "type": "BUY",
        "value": 3.729415,
        "wallet": "terra10kruhxvmrgv7ruudkukdd38q8fvdp566q746qx"
      },
      {
        "amount": 75000.0,
        "baseAmount": 935.359018,
        "baseSymbol": "CWUSTC",
        "executionType": "direct",
        "pairId": "cwlunc-cwustc",
        "price": 0.012471453573333333,
        "sourceContract": "terra1m6ywlgn6wrjuagcmmezzz2a029gtldhey5k552",
        "sourcePairId": "cwlunc-cwustc-ref-2",
        "sourceType": "reference",
        "timestamp": "2026-05-09T15:46:45Z",
        "tokenAmount": 75000.0,
        "tokenSymbol": "CWLUNC",
        "txhash": "B967F77FD331D150E8DBF8A93F9F2224ABCA2E19AC0DE2673F52FC6A772315F7",
        "type": "SELL",
        "value": 935.359018,
        "wallet": "terra1x03gy6pf0tmnhychm5l4s3z4u6mt9ywrs242tg"
      },
      {
        "amount": 3699.557296,
        "baseAmount": 46.400795,
        "baseSymbol": "CWUSTC",
        "executionType": "direct",
        "pairId": "cwlunc-cwustc",
        "price": 0.012542256082955934,
        "sourceContract": "terra1l7vy20x940je7lskm6x9s839vjsmekz9k9mv7g",
        "sourcePairId": "cwlunc-cwustc-ref-1",
        "sourceType": "reference",
        "timestamp": "2026-05-09T15:34:41Z",
        "tokenAmount": 3699.557296,
        "tokenSymbol": "CWLUNC",
        "txhash": "149EC7829A818F31EC2004CA4E362A89A3307FFB32D7087B3B745F6020641947",
        "type": "BUY",
        "value": 46.400795,
        "wallet": "terra1elre8gq6ga6kgcpr3syqwks27drd6s3k7zfkdv"
      },
      {
        "amount": 3543.388076,
        "baseAmount": 44.440637,
        "baseSymbol": "CWUSTC",
        "executionType": "direct",
        "pairId": "cwlunc-cwustc",
        "price": 0.012541848662020502,
        "sourceContract": "terra1l7vy20x940je7lskm6x9s839vjsmekz9k9mv7g",
        "sourcePairId": "cwlunc-cwustc-ref-1",
        "sourceType": "reference",
        "timestamp": "2026-05-09T15:30:29Z",
        "tokenAmount": 3543.388076,
        "tokenSymbol": "CWLUNC",
        "txhash": "9A1E23E35CD23BDE47D2CC61ECDD75147240FAC0FCF5C8F4EA15FE80912CA7F4",
        "type": "BUY",
        "value": 44.440637,
        "wallet": "terra1zafpjz7h4x9cd8n5rf9lxz7tru352taxtl8jeu"
      },
      {
        "amount": 1630.046177,
        "baseAmount": 20.45453,
        "baseSymbol": "CWUSTC",
        "executionType": "direct",
        "pairId": "cwlunc-cwustc",
        "price": 0.012548435920781892,
        "sourceContract": "terra1m6ywlgn6wrjuagcmmezzz2a029gtldhey5k552",
        "sourcePairId": "cwlunc-cwustc-ref-2",
        "sourceType": "reference",
        "timestamp": "2026-05-09T15:28:09Z",
        "tokenAmount": 1630.046177,
        "tokenSymbol": "CWLUNC",
        "txhash": "DD318C3CB3497B35BEC336ACCD4D92E48C385A9F171CF8EA61152B56265CBB47",
        "type": "BUY",
        "value": 20.45453,
        "wallet": "terra1tydp2unwc8jzgnun2nyvfy3fplun45jprp6jtz"
      },
      {
        "amount": 4724.692532,
        "baseAmount": 59.254182,
        "baseSymbol": "CWUSTC",
        "executionType": "direct",
        "pairId": "cwlunc-cwustc",
        "price": 0.01254138371940094,
        "sourceContract": "terra1l7vy20x940je7lskm6x9s839vjsmekz9k9mv7g",
        "sourcePairId": "cwlunc-cwustc-ref-1",
        "sourceType": "reference",
        "timestamp": "2026-05-09T15:23:56Z",
        "tokenAmount": 4724.692532,
        "tokenSymbol": "CWLUNC",
        "txhash": "99AA9C1E14FD245E816AC20E1BB0C3CF20B795154B1BCCA1A23228BD3C3C65FC",
        "type": "BUY",
        "value": 59.254182,
        "wallet": "terra1zafpjz7h4x9cd8n5rf9lxz7tru352taxtl8jeu"
      },
      {
        "amount": 6299.90144,
        "baseAmount": 79.005576,
        "baseSymbol": "CWUSTC",
        "executionType": "direct",
        "pairId": "cwlunc-cwustc",
        "price": 0.012540763812330373,
        "sourceContract": "terra1l7vy20x940je7lskm6x9s839vjsmekz9k9mv7g",
        "sourcePairId": "cwlunc-cwustc-ref-1",
        "sourceType": "reference",
