{
  "pairs": {
    "amplunc-cwlunc": [
      {
        "amount": 705.808618,
        "baseAmount": 909.337436,
        "baseSymbol": "CWLUNC",
        "pairId": "amplunc-cwlunc",
        "price": 1.288362613900529,
        "sourceContract": "terra12gkp648mkgj6esr5y6dwc2q4mftnfzk2pudka8",
        "sourcePairId": "amplunc-cwlunc-ref-2",
        "sourceType": "reference",
        "timestamp": "2026-04-27T19:27:46Z",
        "tokenAmount": 705.808618,
        "tokenSymbol": "AMPLUNC",
        "txhash": "3668310CA8221297D289DEF341D2894D1813395F126B993E6436EC84924D9DF5",
        "type": "SELL",
        "value": 909.337436,
        "wallet": "terra1g3zc8lwwmkrm0cz9wkgl849pdqaw6cq8lh7872"
      },
      {
        "amount": 9193.074674,
        "baseAmount": 12140.652939,
        "baseSymbol": "CWLUNC",
        "pairId": "amplunc-cwlunc",
        "price": 1.3206302972101802,
        "sourceContract": "terra132qwlqxffksjfg6ntzp4m5786lrlmgrufzx5c6",
        "sourcePairId": "amplunc-cwlunc-ref-1",
        "sourceType": "reference",
        "timestamp": "2026-04-27T19:07:11Z",
        "tokenAmount": 9193.074674,
        "tokenSymbol": "AMPLUNC",
        "txhash": "F565620857CC9536CA9F0A5AE74F1EB5D7E2FBC462D757D536CBFDCC98B457C7",
        "type": "SELL",
        "value": 12140.652939,
        "wallet": "terra1ydeh9exz82qrzw82ycjr6n462u5ldt8m8qt4rh"
      },
      {
        "amount": 7569.839247,
        "baseAmount": 9782.524878,
        "baseSymbol": "CWLUNC",
        "pairId": "amplunc-cwlunc",
        "price": 1.2923028559525764,
        "sourceContract": "terra12gkp648mkgj6esr5y6dwc2q4mftnfzk2pudka8",
        "sourcePairId": "amplunc-cwlunc-ref-2",
        "sourceType": "reference",
        "timestamp": "2026-04-27T08:06:19Z",
        "tokenAmount": 7569.839247,
        "tokenSymbol": "AMPLUNC",
        "txhash": "2BBA39015E2F5B3EA3F8B186F42CD78ADD097DAD6AB1958B954E060DB41DEE79",
        "type": "SELL",
        "value": 9782.524878,
        "wallet": "terra1q7a9kg5xusufjfjp3v8ghsc7urfrlj8m99hlwh"
      },
      {
        "amount": 9110.944638,
        "baseAmount": 12060.105346,
        "baseSymbol": "CWLUNC",
        "pairId": "amplunc-cwlunc",
        "price": 1.3236942847506301,
        "sourceContract": "terra132qwlqxffksjfg6ntzp4m5786lrlmgrufzx5c6",
        "sourcePairId": "amplunc-cwlunc-ref-1",
        "sourceType": "reference",
        "timestamp": "2026-04-27T06:29:30Z",
        "tokenAmount": 9110.944638,
        "tokenSymbol": "AMPLUNC",
        "txhash": "9F260E408E1B271B7D1512C567B9F8FCFA2FDD9AA6C3A04E284CB0F31E0C7E84",
        "type": "SELL",
        "value": 12060.105346,
        "wallet": "terra1ydeh9exz82qrzw82ycjr6n462u5ldt8m8qt4rh"
      },
      {
        "amount": 186.268437,
        "baseAmount": 241.407104,
        "baseSymbol": "CWLUNC",
        "pairId": "amplunc-cwlunc",
        "price": 1.2960172313036589,
        "sourceContract": "terra12gkp648mkgj6esr5y6dwc2q4mftnfzk2pudka8",
        "sourcePairId": "amplunc-cwlunc-ref-2",
        "sourceType": "reference",
        "timestamp": "2026-04-27T01:17:01Z",
        "tokenAmount": 186.268437,
        "tokenSymbol": "AMPLUNC",
        "txhash": "2FC271FE4819A88B48A860E003AB8D00A4F83E58924E677D463CD9EB18E2FC72",
        "type": "SELL",
        "value": 241.407104,
        "wallet": "terra10fsmdspfdukffwv0lrjm6gc9w3fcrl9fe076cl"
      },
      {
        "amount": 7888.124807,
        "baseAmount": 10463.987894,
        "baseSymbol": "CWLUNC",
        "pairId": "amplunc-cwlunc",
        "price": 1.3265494841960606,
        "sourceContract": "terra132qwlqxffksjfg6ntzp4m5786lrlmgrufzx5c6",
        "sourcePairId": "amplunc-cwlunc-ref-1",
        "sourceType": "reference",
        "timestamp": "2026-04-26T23:18:57Z",
        "tokenAmount": 7888.124807,
        "tokenSymbol": "AMPLUNC",
        "txhash": "59F51DA0271DAAB1849F702AEAA73A3B2CCA4CF62474AEEB2DC5841F271005F6",
        "type": "SELL",
        "value": 10463.987894,
        "wallet": "terra1zafpjz7h4x9cd8n5rf9lxz7tru352taxtl8jeu"
      },
      {
        "amount": 9277.821366,
        "baseAmount": 12334.324434,
        "baseSymbol": "CWLUNC",
        "pairId": "amplunc-cwlunc",
        "price": 1.3294418966936596,
        "sourceContract": "terra132qwlqxffksjfg6ntzp4m5786lrlmgrufzx5c6",
        "sourcePairId": "amplunc-cwlunc-ref-1",
        "sourceType": "reference",
        "timestamp": "2026-04-26T22:14:09Z",
        "tokenAmount": 9277.821366,
        "tokenSymbol": "AMPLUNC",
        "txhash": "1A64BB6C9EEE12C84B49BECB6174C8E61ADDA2B99B7F1EBB54A534160A297E98",
        "type": "SELL",
        "value": 12334.324434,
        "wallet": "terra1ydeh9exz82qrzw82ycjr6n462u5ldt8m8qt4rh"
      },
      {
        "amount": 9290.046077,
        "baseAmount": 12379.741783,
        "baseSymbol": "CWLUNC",
        "pairId": "amplunc-cwlunc",
        "price": 1.3325813112648999,
        "sourceContract": "terra132qwlqxffksjfg6ntzp4m5786lrlmgrufzx5c6",
        "sourcePairId": "amplunc-cwlunc-ref-1",
        "sourceType": "reference",
        "timestamp": "2026-04-26T21:32:46Z",
        "tokenAmount": 9290.046077,
        "tokenSymbol": "AMPLUNC",
        "txhash": "4661909D98F4389EED019B5492A6CD0F615D0C434E6DE40CE93D49AE60F18743",
        "type": "SELL",
        "value": 12379.741783,
        "wallet": "terra1ydeh9exz82qrzw82ycjr6n462u5ldt8m8qt4rh"
      },
      {
        "amount": 7964.093064,
        "baseAmount": 10352.779193,
        "baseSymbol": "CWLUNC",
        "pairId": "amplunc-cwlunc",
        "price": 1.299931970885367,
        "sourceContract": "terra12gkp648mkgj6esr5y6dwc2q4mftnfzk2pudka8",
        "sourcePairId": "amplunc-cwlunc-ref-2",
        "sourceType": "reference",
        "timestamp": "2026-04-26T06:38:06Z",
        "tokenAmount": 7964.093064,
        "tokenSymbol": "AMPLUNC",
        "txhash": "D56B9D3AB3579BBD73D7702A9ABE8000FA9E816C69DC39B1E78183149A1DE7D1",
        "type": "SELL",
        "value": 10352.779193,
        "wallet": "terra1q7a9kg5xusufjfjp3v8ghsc7urfrlj8m99hlwh"
      },
      {
        "amount": 9425.121558,
        "baseAmount": 12589.671086,
        "baseSymbol": "CWLUNC",
        "pairId": "amplunc-cwlunc",
        "price": 1.3357568927388468,
        "sourceContract": "terra132qwlqxffksjfg6ntzp4m5786lrlmgrufzx5c6",
        "sourcePairId": "amplunc-cwlunc-ref-1",
        "sourceType": "reference",
        "timestamp": "2026-04-24T01:48:13Z",
        "tokenAmount": 9425.121558,
        "tokenSymbol": "AMPLUNC",
        "txhash": "CDF8AC3A506D44A691477AD45BD74AA697AA86397E9196D2B9685F740F5FCF37",
        "type": "SELL",
        "value": 12589.671086,
        "wallet": "terra1ydeh9exz82qrzw82ycjr6n462u5ldt8m8qt4rh"
      },
      {
        "amount": 45045.02063,
        "baseAmount": 59725.806948,
        "baseSymbol": "CWLUNC",
        "pairId": "amplunc-cwlunc",
        "price": 1.3259136329093517,
        "sourceContract": "terra12gkp648mkgj6esr5y6dwc2q4mftnfzk2pudka8",
        "sourcePairId": "amplunc-cwlunc-ref-2",
        "sourceType": "reference",
        "timestamp": "2026-04-24T00:10:31Z",
        "tokenAmount": 45045.02063,
        "tokenSymbol": "AMPLUNC",
        "txhash": "ED826678E42EB9F6E38BD006E12F20289A16C3F7948F8E5185F883878703AE8D",
        "type": "SELL",
        "value": 59725.806948,
        "wallet": "terra1g3zc8lwwmkrm0cz9wkgl849pdqaw6cq8lh7872"
      },
      {
        "amount": 37377.09138,
        "baseAmount": 50000.0,
        "baseSymbol": "CWLUNC",
        "pairId": "amplunc-cwlunc",
        "price": 1.3377177879270283,
        "sourceContract": "terra12gkp648mkgj6esr5y6dwc2q4mftnfzk2pudka8",
        "sourcePairId": "amplunc-cwlunc-ref-2",
        "sourceType": "reference",
        "timestamp": "2026-04-24T00:09:38Z",
        "tokenAmount": 37377.09138,
        "tokenSymbol": "AMPLUNC",
        "txhash": "6EE8A1483DB6B9D7D225BD6A52E4B2A7A70C20E77B4A2F01FA92B647FA206CB0",
        "type": "BUY",
        "value": 50000.0,
        "wallet": "terra1g3zc8lwwmkrm0cz9wkgl849pdqaw6cq8lh7872"
      },
      {
        "amount": 9469.721722,
        "baseAmount": 12679.715918,
        "baseSymbol": "CWLUNC",
        "pairId": "amplunc-cwlunc",
        "price": 1.3389745010714054,
        "sourceContract": "terra132qwlqxffksjfg6ntzp4m5786lrlmgrufzx5c6",
        "sourcePairId": "amplunc-cwlunc-ref-1",
        "sourceType": "reference",
        "timestamp": "2026-04-23T23:40:31Z",
        "tokenAmount": 9469.721722,
        "tokenSymbol": "AMPLUNC",
        "txhash": "56372E3C32E3110571FD9A7CD0C4B1EFCF2F2CCA461B63D86D7C6DB309DC69FD",
        "type": "SELL",
        "value": 12679.715918,
        "wallet": "terra1ydeh9exz82qrzw82ycjr6n462u5ldt8m8qt4rh"
      },
      {
        "amount": 17932.678308,
        "baseAmount": 23812.324272,
        "baseSymbol": "CWLUNC",
        "pairId": "amplunc-cwlunc",
        "price": 1.3278732748680948,
        "sourceContract": "terra12gkp648mkgj6esr5y6dwc2q4mftnfzk2pudka8",
        "sourcePairId": "amplunc-cwlunc-ref-2",
        "sourceType": "reference",
        "timestamp": "2026-04-23T21:33:38Z",
        "tokenAmount": 17932.678308,
        "tokenSymbol": "AMPLUNC",
        "txhash": "50CA5499211A5C004DDF37380C7BD285B2C722FA58F454A5B0D667E756A10713",
        "type": "BUY",
        "value": 23812.324272,
        "wallet": "terra1g3zc8lwwmkrm0cz9wkgl849pdqaw6cq8lh7872"
      },
      {
        "amount": 9482.799979,
        "baseAmount": 12727.94339,
        "baseSymbol": "CWLUNC",
        "pairId": "amplunc-cwlunc",
        "price": 1.3422136308038224,
        "sourceContract": "terra132qwlqxffksjfg6ntzp4m5786lrlmgrufzx5c6",
        "sourcePairId": "amplunc-cwlunc-ref-1",
        "sourceType": "reference",
        "timestamp": "2026-04-23T21:13:14Z",
        "tokenAmount": 9482.799979,
        "tokenSymbol": "AMPLUNC",
        "txhash": "9FC8B76A02EE8B645818C2761C82BB54078986EFCF10DD866421AF05C702D280",
        "type": "SELL",
        "value": 12727.94339,
        "wallet": "terra1ydeh9exz82qrzw82ycjr6n462u5ldt8m8qt4rh"
      },
      {
        "amount": 9477.683347,
        "baseAmount": 12751.899773,
        "baseSymbol": "CWLUNC",
        "pairId": "amplunc-cwlunc",
        "price": 1.3454659019639432,
        "sourceContract": "terra132qwlqxffksjfg6ntzp4m5786lrlmgrufzx5c6",
        "sourcePairId": "amplunc-cwlunc-ref-1",
        "sourceType": "reference",
        "timestamp": "2026-04-23T19:45:53Z",
        "tokenAmount": 9477.683347,
        "tokenSymbol": "AMPLUNC",
        "txhash": "250A151132EAF845BB1FC87403EC517CDE3C16E307305579F013C0977C333120",
        "type": "SELL",
        "value": 12751.899773,
        "wallet": "terra1ydeh9exz82qrzw82ycjr6n462u5ldt8m8qt4rh"
      },
      {
        "amount": 61.955922,
        "baseAmount": 81.230312,
        "baseSymbol": "CWLUNC",
        "pairId": "amplunc-cwlunc",
        "price": 1.311098428976652,
        "sourceContract": "terra12gkp648mkgj6esr5y6dwc2q4mftnfzk2pudka8",
        "sourcePairId": "amplunc-cwlunc-ref-2",
        "sourceType": "reference",
        "timestamp": "2026-04-23T07:29:08Z",
        "tokenAmount": 61.955922,
        "tokenSymbol": "AMPLUNC",
        "txhash": "A2446B0BC06B78A889AAF53430A65D80A57C0291B80CFC0ED87EB367898724B5",
        "type": "SELL",
        "value": 81.230312,
        "wallet": "terra1g3zc8lwwmkrm0cz9wkgl849pdqaw6cq8lh7872"
      },
      {
        "amount": 8890.138446,
        "baseAmount": 11694.755967,
        "baseSymbol": "CWLUNC",
        "pairId": "amplunc-cwlunc",
        "price": 1.315475123141856,
        "sourceContract": "terra12gkp648mkgj6esr5y6dwc2q4mftnfzk2pudka8",
        "sourcePairId": "amplunc-cwlunc-ref-2",
        "sourceType": "reference",
        "timestamp": "2026-04-22T16:24:48Z",
        "tokenAmount": 8890.138446,
        "tokenSymbol": "AMPLUNC",
        "txhash": "4E537BDC453503AB3944A194223C3F6EDCBFC1D7F8E6B809AB45536B2C7EFCB7",
        "type": "SELL",
        "value": 11694.755967,
        "wallet": "terra1g3zc8lwwmkrm0cz9wkgl849pdqaw6cq8lh7872"
      },
      {
        "amount": 8147.318522,
        "baseAmount": 10785.999342,
        "baseSymbol": "CWLUNC",
        "pairId": "amplunc-cwlunc",
        "price": 1.323871076462131,
        "sourceContract": "terra12gkp648mkgj6esr5y6dwc2q4mftnfzk2pudka8",
        "sourcePairId": "amplunc-cwlunc-ref-2",
        "sourceType": "reference",
        "timestamp": "2026-04-22T13:39:14Z",
        "tokenAmount": 8147.318522,
        "tokenSymbol": "AMPLUNC",
        "txhash": "5FC473FEDB175D38BFFBEC67ABCA4D7F69B710DED2E20797F1B83B5D0B8B6D69",
        "type": "SELL",
        "value": 10785.999342,
        "wallet": "terra1q7a9kg5xusufjfjp3v8ghsc7urfrlj8m99hlwh"
      },
      {
        "amount": 74492.830308,
        "baseAmount": 100000.0,
        "baseSymbol": "CWLUNC",
        "pairId": "amplunc-cwlunc",
        "price": 1.3424110694483937,
        "sourceContract": "terra132qwlqxffksjfg6ntzp4m5786lrlmgrufzx5c6",
        "sourcePairId": "amplunc-cwlunc-ref-1",
        "sourceType": "reference",
        "timestamp": "2026-04-22T13:38:20Z",
        "tokenAmount": 74492.830308,
        "tokenSymbol": "AMPLUNC",
        "txhash": "FB35C3A8249C60E0D0AD1E21F3A9031355B4659D4DC01241BF21B5609BBE2579",
        "type": "BUY",
        "value": 100000.0,
        "wallet": "terra10fsmdspfdukffwv0lrjm6gc9w3fcrl9fe076cl"
      },
      {
        "amount": 1551.757883,
        "baseAmount": 2062.96864,
        "baseSymbol": "CWLUNC",
        "pairId": "amplunc-cwlunc",
        "price": 1.3294397680208208,
        "sourceContract": "terra132qwlqxffksjfg6ntzp4m5786lrlmgrufzx5c6",
        "sourcePairId": "amplunc-cwlunc-ref-1",
        "sourceType": "reference",
        "timestamp": "2026-04-21T23:56:31Z",
        "tokenAmount": 1551.757883,
        "tokenSymbol": "AMPLUNC",
        "txhash": "6CD9E0832D3F918244B2E0ED378A839958863800453E40A90F7DE6FCFE57DA0F",
        "type": "BUY",
        "value": 2062.96864,
        "wallet": "terra1ydeh9exz82qrzw82ycjr6n462u5ldt8m8qt4rh"
      },
      {
        "amount": 37813.387284,
        "baseAmount": 50199.600611,
        "baseSymbol": "CWLUNC",
        "pairId": "amplunc-cwlunc",
        "price": 1.3275615917181,
        "sourceContract": "terra132qwlqxffksjfg6ntzp4m5786lrlmgrufzx5c6",
        "sourcePairId": "amplunc-cwlunc-ref-1",
        "sourceType": "reference",
        "timestamp": "2026-04-21T23:56:02Z",
        "tokenAmount": 37813.387284,
        "tokenSymbol": "AMPLUNC",
        "txhash": "3EDF2F6AD7AE9B010C66303E377AA68C807C209D5EE6A93E281FE7C3CA50C71C",
        "type": "SELL",
        "value": 50199.600611,
        "wallet": "terra1gygragtv7rhv86scnq4lkw0kw499939qer9ur5"
      },
      {
        "amount": 56720.080925,
        "baseAmount": 76211.043518,
        "baseSymbol": "CWLUNC",
        "pairId": "amplunc-cwlunc",
        "price": 1.3436342521931972,
        "sourceContract": "terra132qwlqxffksjfg6ntzp4m5786lrlmgrufzx5c6",
        "sourcePairId": "amplunc-cwlunc-ref-1",
        "sourceType": "reference",
        "timestamp": "2026-04-21T23:55:10Z",
        "tokenAmount": 56720.080925,
        "tokenSymbol": "AMPLUNC",
        "txhash": "6EF74133A27D60EEC1655A5A3CE0A04BF1FDE100B1BF078E2E49B06B65CC60DC",
        "type": "SELL",
        "value": 76211.043518,
        "wallet": "terra1gygragtv7rhv86scnq4lkw0kw499939qer9ur5"
      },
      {
        "amount": 56720.080925,
        "baseAmount": 77326.594218,
        "baseSymbol": "CWLUNC",
        "pairId": "amplunc-cwlunc",
        "price": 1.3633019022001684,
        "sourceContract": "terra132qwlqxffksjfg6ntzp4m5786lrlmgrufzx5c6",
        "sourcePairId": "amplunc-cwlunc-ref-1",
        "sourceType": "reference",
        "timestamp": "2026-04-21T23:53:59Z",
        "tokenAmount": 56720.080925,
        "tokenSymbol": "AMPLUNC",
        "txhash": "07F7AB5A48B239B5B100C87368ED838A003141B359DC062A9F014E8304D97789",
        "type": "SELL",
        "value": 77326.594218,
        "wallet": "terra1gygragtv7rhv86scnq4lkw0kw499939qer9ur5"
      },
      {
        "amount": 56720.080925,
        "baseAmount": 78466.827486,
        "baseSymbol": "CWLUNC",
        "pairId": "amplunc-cwlunc",
        "price": 1.3834047167484713,
        "sourceContract": "terra132qwlqxffksjfg6ntzp4m5786lrlmgrufzx5c6",
        "sourcePairId": "amplunc-cwlunc-ref-1",
        "sourceType": "reference",
        "timestamp": "2026-04-21T23:53:17Z",
        "tokenAmount": 56720.080925,
        "tokenSymbol": "AMPLUNC",
        "txhash": "50B96FAC7F6941C83A35CC37CC89461D09E910BF1A92E6DCC94CE32BA86D95DF",
        "type": "SELL",
        "value": 78466.827486,
        "wallet": "terra1gygragtv7rhv86scnq4lkw0kw499939qer9ur5"
      },
      {
        "amount": 37813.387283,
        "baseAmount": 52957.332945,
        "baseSymbol": "CWLUNC",
        "pairId": "amplunc-cwlunc",
        "price": 1.4004916446300055,
        "sourceContract": "terra132qwlqxffksjfg6ntzp4m5786lrlmgrufzx5c6",
        "sourcePairId": "amplunc-cwlunc-ref-1",
        "sourceType": "reference",
        "timestamp": "2026-04-21T23:52:36Z",
        "tokenAmount": 37813.387283,
        "tokenSymbol": "AMPLUNC",
        "txhash": "D8DEEE4B93B424419CD5963E22F59B290D8E018698532D11DBD1892198D78881",
        "type": "SELL",
        "value": 52957.332945,
        "wallet": "terra1gygragtv7rhv86scnq4lkw0kw499939qer9ur5"
      },
      {
        "amount": 75626.774567,
        "baseAmount": 107499.310855,
        "baseSymbol": "CWLUNC",
        "pairId": "amplunc-cwlunc",
        "price": 1.4214451359387696,
        "sourceContract": "terra132qwlqxffksjfg6ntzp4m5786lrlmgrufzx5c6",
        "sourcePairId": "amplunc-cwlunc-ref-1",
        "sourceType": "reference",
        "timestamp": "2026-04-21T23:51:19Z",
        "tokenAmount": 75626.774567,
        "tokenSymbol": "AMPLUNC",
        "txhash": "EFC1760911CB9A3881450ECBD84F6700DA5A728C15921A4A57E6E45DB820273E",
        "type": "SELL",
        "value": 107499.310855,
        "wallet": "terra1gygragtv7rhv86scnq4lkw0kw499939qer9ur5"
      },
      {
        "amount": 75626.774567,
        "baseAmount": 109666.139796,
        "baseSymbol": "CWLUNC",
        "pairId": "amplunc-cwlunc",
        "price": 1.4500967471360757,
        "sourceContract": "terra132qwlqxffksjfg6ntzp4m5786lrlmgrufzx5c6",
        "sourcePairId": "amplunc-cwlunc-ref-1",
        "sourceType": "reference",
        "timestamp": "2026-04-21T23:50:20Z",
        "tokenAmount": 75626.774567,
        "tokenSymbol": "AMPLUNC",
        "txhash": "0F3604B26750D7A2DD01E0F2643C9A0AF702ABEAEEE1605B1C629C934A73462F",
        "type": "SELL",
        "value": 109666.139796,
        "wallet": "terra1gygragtv7rhv86scnq4lkw0kw499939qer9ur5"
      },
      {
        "amount": 699.147409,
        "baseAmount": 1024.154883,
        "baseSymbol": "CWLUNC",
        "pairId": "amplunc-cwlunc",
        "price": 1.464862588084053,
        "sourceContract": "terra132qwlqxffksjfg6ntzp4m5786lrlmgrufzx5c6",
        "sourcePairId": "amplunc-cwlunc-ref-1",
        "sourceType": "reference",
        "timestamp": "2026-04-21T23:19:52Z",
        "tokenAmount": 699.147409,
        "tokenSymbol": "AMPLUNC",
        "txhash": "8CD869E45D56ED8C19DB914F9A1B8AC6EF2271827499D89C879B03B0301A3812",
        "type": "SELL",
        "value": 1024.154883,
        "wallet": "terra10fsmdspfdukffwv0lrjm6gc9w3fcrl9fe076cl"
      },
      {
        "amount": 558.3845,
        "baseAmount": 818.093681,
        "baseSymbol": "CWLUNC",
        "pairId": "amplunc-cwlunc",
        "price": 1.4651081485965316,
        "sourceContract": "terra132qwlqxffksjfg6ntzp4m5786lrlmgrufzx5c6",
        "sourcePairId": "amplunc-cwlunc-ref-1",
        "sourceType": "reference",
        "timestamp": "2026-04-21T23:17:54Z",
        "tokenAmount": 558.3845,
        "tokenSymbol": "AMPLUNC",
        "txhash": "E32DD64F904A3E692E9032D9E030688974F990E3F5597BFE8DCED36A2CB4D65C",
        "type": "SELL",
        "value": 818.093681,
        "wallet": "terra10fsmdspfdukffwv0lrjm6gc9w3fcrl9fe076cl"
      },
      {
        "amount": 802.257668,
        "baseAmount": 1175.6074,
        "baseSymbol": "CWLUNC",
        "pairId": "amplunc-cwlunc",
        "price": 1.4653738404654304,
        "sourceContract": "terra132qwlqxffksjfg6ntzp4m5786lrlmgrufzx5c6",
        "sourcePairId": "amplunc-cwlunc-ref-1",
        "sourceType": "reference",
        "timestamp": "2026-04-21T23:15:50Z",
        "tokenAmount": 802.257668,
        "tokenSymbol": "AMPLUNC",
        "txhash": "C01093D78B24AE5C3CD30022B35A08358E8A6F9978AFE9520D7B0AA17FFA3BB2",
        "type": "SELL",
        "value": 1175.6074,
        "wallet": "terra10fsmdspfdukffwv0lrjm6gc9w3fcrl9fe076cl"
      },
      {
        "amount": 1439.926884,
        "baseAmount": 2110.661798,
        "baseSymbol": "CWLUNC",
        "pairId": "amplunc-cwlunc",
        "price": 1.4658117863156725,
        "sourceContract": "terra132qwlqxffksjfg6ntzp4m5786lrlmgrufzx5c6",
        "sourcePairId": "amplunc-cwlunc-ref-1",
        "sourceType": "reference",
        "timestamp": "2026-04-21T22:59:59Z",
        "tokenAmount": 1439.926884,
        "tokenSymbol": "AMPLUNC",
        "txhash": "F5F68F2D7E63F74D36C93EA5F1FF609CBDDC7F1D02F04F1D89134586362ED01B",
        "type": "SELL",
        "value": 2110.661798,
        "wallet": "terra10fsmdspfdukffwv0lrjm6gc9w3fcrl9fe076cl"
      },
      {
        "amount": 9002.527332,
        "baseAmount": 13214.391972,
        "baseSymbol": "CWLUNC",
        "pairId": "amplunc-cwlunc",
        "price": 1.4678535798529249,
        "sourceContract": "terra132qwlqxffksjfg6ntzp4m5786lrlmgrufzx5c6",
        "sourcePairId": "amplunc-cwlunc-ref-1",
        "sourceType": "reference",
        "timestamp": "2026-04-21T21:46:29Z",
        "tokenAmount": 9002.527332,
        "tokenSymbol": "AMPLUNC",
        "txhash": "BA1BB89645F3901D84E5297541E014A9645CF139B60FF959F85302F02E753E2A",
        "type": "SELL",
        "value": 13214.391972,
        "wallet": "terra1ydeh9exz82qrzw82ycjr6n462u5ldt8m8qt4rh"
      },
      {
        "amount": 10806.414342,
        "baseAmount": 15487.909529,
        "baseSymbol": "CWLUNC",
        "pairId": "amplunc-cwlunc",
        "price": 1.4332144815884944,
        "sourceContract": "terra12gkp648mkgj6esr5y6dwc2q4mftnfzk2pudka8",
        "sourcePairId": "amplunc-cwlunc-ref-2",
        "sourceType": "reference",
        "timestamp": "2026-04-21T21:46:05Z",
        "tokenAmount": 10806.414342,
        "tokenSymbol": "AMPLUNC",
        "txhash": "C49B3592F5F71B67818A6E36FA2B6EFEEB148ED9E83AD45B1B14635BDECB7AA9",
        "type": "SELL",
        "value": 15487.909529,
        "wallet": "terra1q7a9kg5xusufjfjp3v8ghsc7urfrlj8m99hlwh"
      },
      {
        "amount": 129008.072525,
        "baseAmount": 187500.0,
        "baseSymbol": "CWLUNC",
        "pairId": "amplunc-cwlunc",
        "price": 1.4533974218060275,
        "sourceContract": "terra132qwlqxffksjfg6ntzp4m5786lrlmgrufzx5c6",
        "sourcePairId": "amplunc-cwlunc-ref-1",
        "sourceType": "reference",
        "timestamp": "2026-04-21T21:45:59Z",
        "tokenAmount": 129008.072525,
        "tokenSymbol": "AMPLUNC",
        "txhash": "E2B73B95E83A8AD2DAF35A7080DC54E161F7866C2ABE0CDB1DA5A0F801E7312F",
        "type": "BUY",
        "value": 187500.0,
        "wallet": "terra1yz3hv2k3a5z3tuu7fufcf7xvn2aawcu7c2fzdm"
      },
      {
        "amount": 9179.233875,
        "baseAmount": 13051.453601,
        "baseSymbol": "CWLUNC",
        "pairId": "amplunc-cwlunc",
        "price": 1.421845633168378,
        "sourceContract": "terra132qwlqxffksjfg6ntzp4m5786lrlmgrufzx5c6",
        "sourcePairId": "amplunc-cwlunc-ref-1",
        "sourceType": "reference",
        "timestamp": "2026-04-21T21:23:48Z",
        "tokenAmount": 9179.233875,
        "tokenSymbol": "AMPLUNC",
        "txhash": "63F0A6C91881409E908CD0960683A6E26BA210BA8F5BA7338DA74DC393513802",
        "type": "SELL",
        "value": 13051.453601,
        "wallet": "terra1ydeh9exz82qrzw82ycjr6n462u5ldt8m8qt4rh"
      },
      {
        "amount": 11358.931917,
        "baseAmount": 15870.084996,
        "baseSymbol": "CWLUNC",
        "pairId": "amplunc-cwlunc",
        "price": 1.39714588589518,
        "sourceContract": "terra12gkp648mkgj6esr5y6dwc2q4mftnfzk2pudka8",
        "sourcePairId": "amplunc-cwlunc-ref-2",
        "sourceType": "reference",
        "timestamp": "2026-04-21T21:23:48Z",
        "tokenAmount": 11358.931917,
        "tokenSymbol": "AMPLUNC",
        "txhash": "F2CDF27B5B0CFADD1AAC14F3D81BD418DC2BA032A57B953F8FC39E03FC9A86AA",
        "type": "SELL",
        "value": 15870.084996,
        "wallet": "terra1q7a9kg5xusufjfjp3v8ghsc7urfrlj8m99hlwh"
      },
      {
        "amount": 23836.496528,
        "baseAmount": 33758.387868,
        "baseSymbol": "CWLUNC",
        "pairId": "amplunc-cwlunc",
        "price": 1.41624788812169,
        "sourceContract": "terra12gkp648mkgj6esr5y6dwc2q4mftnfzk2pudka8",
        "sourcePairId": "amplunc-cwlunc-ref-2",
        "sourceType": "reference",
        "timestamp": "2026-04-21T21:23:42Z",
        "tokenAmount": 23836.496528,
        "tokenSymbol": "AMPLUNC",
        "txhash": "FD6A89B37375DCC46EE6A2CED4AEF6DDB9A193E9FDCE1C7112052B31FFA450CC",
        "type": "SELL",
        "value": 33758.387868,
        "wallet": "terra1q7a9kg5xusufjfjp3v8ghsc7urfrlj8m99hlwh"
      },
      {
        "amount": 271193.901229,
        "baseAmount": 375000.0,
        "baseSymbol": "CWLUNC",
        "pairId": "amplunc-cwlunc",
        "price": 1.3827744587933954,
        "sourceContract": "terra132qwlqxffksjfg6ntzp4m5786lrlmgrufzx5c6",
        "sourcePairId": "amplunc-cwlunc-ref-1",
        "sourceType": "reference",
        "timestamp": "2026-04-21T21:23:36Z",
        "tokenAmount": 271193.901229,
        "tokenSymbol": "AMPLUNC",
        "txhash": "9966978C2300D7219D05853B4396644F35B14083BA7189CD0D2181D71DFBCDA6",
        "type": "BUY",
        "value": 375000.0,
        "wallet": "terra1yz3hv2k3a5z3tuu7fufcf7xvn2aawcu7c2fzdm"
      },
      {
        "amount": 56720.080925,
        "baseAmount": 75813.345929,
        "baseSymbol": "CWLUNC",
        "pairId": "amplunc-cwlunc",
        "price": 1.3366226685968008,
        "sourceContract": "terra132qwlqxffksjfg6ntzp4m5786lrlmgrufzx5c6",
        "sourcePairId": "amplunc-cwlunc-ref-1",
        "sourceType": "reference",
        "timestamp": "2026-04-21T17:32:25Z",
        "tokenAmount": 56720.080925,
        "tokenSymbol": "AMPLUNC",
        "txhash": "9228AC1D5431812FF81C6B838ED9543EF0739AA26ECEA550620E53C6065FBA5F",
        "type": "SELL",
        "value": 75813.345929,
        "wallet": "terra1gygragtv7rhv86scnq4lkw0kw499939qer9ur5"
      },
      {
        "amount": 37813.387283,
        "baseAmount": 51155.814097,
        "baseSymbol": "CWLUNC",
        "pairId": "amplunc-cwlunc",
        "price": 1.3528492889077526,
        "sourceContract": "terra132qwlqxffksjfg6ntzp4m5786lrlmgrufzx5c6",
        "sourcePairId": "amplunc-cwlunc-ref-1",
        "sourceType": "reference",
        "timestamp": "2026-04-21T17:31:02Z",
        "tokenAmount": 37813.387283,
        "tokenSymbol": "AMPLUNC",
        "txhash": "945C75F8DF8990A9E80B6B1EE5B9CD387496F2F53254FE58FE4E7A5C0AB0B8C5",
        "type": "SELL",
        "value": 51155.814097,
        "wallet": "terra1gygragtv7rhv86scnq4lkw0kw499939qer9ur5"
      },
      {
        "amount": 37813.387283,
        "baseAmount": 51654.966386,
        "baseSymbol": "CWLUNC",
        "pairId": "amplunc-cwlunc",
        "price": 1.366049700848219,
        "sourceContract": "terra132qwlqxffksjfg6ntzp4m5786lrlmgrufzx5c6",
        "sourcePairId": "amplunc-cwlunc-ref-1",
        "sourceType": "reference",
        "timestamp": "2026-04-21T17:30:03Z",
        "tokenAmount": 37813.387283,
        "tokenSymbol": "AMPLUNC",
        "txhash": "F87BF5F909E750F9E5540019D6D70949938C322895FB80A322546890C4E0B254",
        "type": "SELL",
        "value": 51654.966386,
        "wallet": "terra1gygragtv7rhv86scnq4lkw0kw499939qer9ur5"
      },
      {
        "amount": 56720.080925,
        "baseAmount": 78434.270917,
        "baseSymbol": "CWLUNC",
        "pairId": "amplunc-cwlunc",
        "price": 1.3828307301026652,
        "sourceContract": "terra132qwlqxffksjfg6ntzp4m5786lrlmgrufzx5c6",
        "sourcePairId": "amplunc-cwlunc-ref-1",
        "sourceType": "reference",
        "timestamp": "2026-04-21T17:29:05Z",
        "tokenAmount": 56720.080925,
        "tokenSymbol": "AMPLUNC",
        "txhash": "8395FC568CD227E5626169D9CA1FCF786372F9496431AB462D67B9255CDF732D",
        "type": "SELL",
        "value": 78434.270917,
        "wallet": "terra1gygragtv7rhv86scnq4lkw0kw499939qer9ur5"
      },
      {
        "amount": 56720.080925,
        "baseAmount": 79599.316472,
        "baseSymbol": "CWLUNC",
        "pairId": "amplunc-cwlunc",
        "price": 1.4033709961953833,
        "sourceContract": "terra132qwlqxffksjfg6ntzp4m5786lrlmgrufzx5c6",
        "sourcePairId": "amplunc-cwlunc-ref-1",
        "sourceType": "reference",
        "timestamp": "2026-04-21T17:27:41Z",
        "tokenAmount": 56720.080925,
        "tokenSymbol": "AMPLUNC",
        "txhash": "B624E60AE08434EAE237F9A88775BA023D3BCF65E2E12A3598E8E054F6DDA570",
        "type": "SELL",
        "value": 79599.316472,
        "wallet": "terra1gygragtv7rhv86scnq4lkw0kw499939qer9ur5"
      },
      {
        "amount": 56720.080925,
        "baseAmount": 80790.523176,
        "baseSymbol": "CWLUNC",
        "pairId": "amplunc-cwlunc",
        "price": 1.424372494863467,
        "sourceContract": "terra132qwlqxffksjfg6ntzp4m5786lrlmgrufzx5c6",
        "sourcePairId": "amplunc-cwlunc-ref-1",
        "sourceType": "reference",
        "timestamp": "2026-04-21T17:26:19Z",
        "tokenAmount": 56720.080925,
        "tokenSymbol": "AMPLUNC",
        "txhash": "C7D3ACB1BC963F3F11ACA6E577D5FE172CD7393D5A72D9B81E1AF73AB566F538",
        "type": "SELL",
        "value": 80790.523176,
        "wallet": "terra1gygragtv7rhv86scnq4lkw0kw499939qer9ur5"
      },
      {
        "amount": 24271.075675,
        "baseAmount": 35140.508778,
        "baseSymbol": "CWLUNC",
        "pairId": "amplunc-cwlunc",
        "price": 1.4478348322318435,
        "sourceContract": "terra12gkp648mkgj6esr5y6dwc2q4mftnfzk2pudka8",
        "sourcePairId": "amplunc-cwlunc-ref-2",
        "sourceType": "reference",
        "timestamp": "2026-04-21T17:15:03Z",
        "tokenAmount": 24271.075675,
        "tokenSymbol": "AMPLUNC",
        "txhash": "84FFC1BA3B2646D509B1B8876BCC9419113F2A8276ACD322FF89E720A4BD906D",
        "type": "SELL",
        "value": 35140.508778,
        "wallet": "terra1q7a9kg5xusufjfjp3v8ghsc7urfrlj8m99hlwh"
      },
      {
        "amount": 268986.810109,
        "baseAmount": 375000.0,
        "baseSymbol": "CWLUNC",
        "pairId": "amplunc-cwlunc",
        "price": 1.394120402587922,
        "sourceContract": "terra132qwlqxffksjfg6ntzp4m5786lrlmgrufzx5c6",
        "sourcePairId": "amplunc-cwlunc-ref-1",
        "sourceType": "reference",
        "timestamp": "2026-04-21T17:14:57Z",
        "tokenAmount": 268986.810109,
        "tokenSymbol": "AMPLUNC",
        "txhash": "148F57046BBED2C36AF6731CD0A29A4392DE1AD7556E724242D8B82DF2888F47",
        "type": "BUY",
        "value": 375000.0,
        "wallet": "terra1r2u8em5304u25xy0xw5ds7f40rcjqdd3e6pk06"
      },
      {
        "amount": 110.298609,
        "baseAmount": 150.600558,
        "baseSymbol": "CWLUNC",
        "pairId": "amplunc-cwlunc",
        "price": 1.3653894583566326,
        "sourceContract": "terra12gkp648mkgj6esr5y6dwc2q4mftnfzk2pudka8",
        "sourcePairId": "amplunc-cwlunc-ref-2",
        "sourceType": "reference",
        "timestamp": "2026-04-20T10:16:09Z",
        "tokenAmount": 110.298609,
        "tokenSymbol": "AMPLUNC",
        "txhash": "1791C1D32C4598A6FFDBD4E3F7FBF9DD530E0C8EC566E10C1EE71FA1839195B2",
        "type": "SELL",
        "value": 150.600558,
        "wallet": "terra1g3zc8lwwmkrm0cz9wkgl849pdqaw6cq8lh7872"
      },
      {
        "amount": 17858.904381,
        "baseAmount": 24699.706839,
        "baseSymbol": "CWLUNC",
        "pairId": "amplunc-cwlunc",
        "price": 1.3830471518330034,
        "sourceContract": "terra12gkp648mkgj6esr5y6dwc2q4mftnfzk2pudka8",
        "sourcePairId": "amplunc-cwlunc-ref-2",
        "sourceType": "reference",
        "timestamp": "2026-04-18T16:45:11Z",
        "tokenAmount": 17858.904381,
        "tokenSymbol": "AMPLUNC",
        "txhash": "1B39172E937FC0EFB7036596DE6412513746501EFBFAE66318934CE01CB31353",
        "type": "BUY",
        "value": 24699.706839,
        "wallet": "terra1g3zc8lwwmkrm0cz9wkgl849pdqaw6cq8lh7872"
      },
      {
        "amount": 87.056327,
        "baseAmount": 118.869819,
        "baseSymbol": "CWLUNC",
        "pairId": "amplunc-cwlunc",
        "price": 1.3654357253092013,
        "sourceContract": "terra12gkp648mkgj6esr5y6dwc2q4mftnfzk2pudka8",
        "sourcePairId": "amplunc-cwlunc-ref-2",
        "sourceType": "reference",
        "timestamp": "2026-04-18T11:24:34Z",
        "tokenAmount": 87.056327,
        "tokenSymbol": "AMPLUNC",
        "txhash": "465595B010BAC348BB1C2E397BD9B0F78309EA47BA85A5F3104E040DB049873C",
        "type": "SELL",
        "value": 118.869819,
        "wallet": "terra1g3zc8lwwmkrm0cz9wkgl849pdqaw6cq8lh7872"
      }
    ],
    "astro-cwlunc": [
      {
        "amount": 1308.136689,
        "baseAmount": 11470.210263,
        "baseSymbol": "CWLUNC",
        "pairId": "astro-cwlunc",
        "price": 8.7683575878973,
        "sourceContract": "terra1nujm9zqa4hpaz9s8wrhrp86h3m9xwprjt9kmf9",
        "sourcePairId": "astro-cwlunc-ref-1",
        "sourceType": "reference",
        "timestamp": "2026-04-27T20:46:24Z",
        "tokenAmount": 1308.136689,
        "tokenSymbol": "ASTRO",
        "txhash": "6E6B0CD84AB9CC31929F699935E68A6EAE8A45EFE8E411B4EEEF2B2ABB6D8F9D",
        "type": "SELL",
        "value": 11470.210263,
        "wallet": "terra1ydeh9exz82qrzw82ycjr6n462u5ldt8m8qt4rh"
      },
      {
        "amount": 1288.884416,
        "baseAmount": 11542.488069,
        "baseSymbol": "CWLUNC",
        "pairId": "astro-cwlunc",
        "price": 8.955409752584051,
        "sourceContract": "terra1nujm9zqa4hpaz9s8wrhrp86h3m9xwprjt9kmf9",
        "sourcePairId": "astro-cwlunc-ref-1",
        "sourceType": "reference",
        "timestamp": "2026-04-27T08:29:12Z",
        "tokenAmount": 1288.884416,
        "tokenSymbol": "ASTRO",
        "txhash": "0F842F14E393CFE019FC52A59F96108BF6FDA9B0AC73944B1C01557287E8666F",
        "type": "SELL",
        "value": 11542.488069,
        "wallet": "terra1ydeh9exz82qrzw82ycjr6n462u5ldt8m8qt4rh"
      },
      {
        "amount": 1247.735835,
        "baseAmount": 11409.227916,
        "baseSymbol": "CWLUNC",
        "pairId": "astro-cwlunc",
        "price": 9.143945053080888,
        "sourceContract": "terra1nujm9zqa4hpaz9s8wrhrp86h3m9xwprjt9kmf9",
        "sourcePairId": "astro-cwlunc-ref-1",
        "sourceType": "reference",
        "timestamp": "2026-04-27T06:47:23Z",
        "tokenAmount": 1247.735835,
        "tokenSymbol": "ASTRO",
        "txhash": "267BD8EE63DA4F62969E56C9629C31E2D9FA4400FE9EE32F6866E0941B4BFA27",
        "type": "SELL",
        "value": 11409.227916,
        "wallet": "terra1ydeh9exz82qrzw82ycjr6n462u5ldt8m8qt4rh"
      },
      {
        "amount": 113.232296,
        "baseAmount": 123.0,
        "baseSymbol": "CWLUNC",
        "pairId": "astro-cwlunc",
        "price": 1.08626252707973,
        "sourceContract": "terra1udqrxagr6tu0snr89hcyntj3zm0tjra3pslalsvyq6aczmr7aqtsfyyv48",
        "sourcePairId": "astro-cwlunc",
        "sourceType": "primary",
        "timestamp": "2026-04-27T01:15:44Z",
        "tokenAmount": 113.232296,
        "tokenSymbol": "ASTRO",
        "txhash": "6EDF3DBF10E9766C278157A5432CABC7BE877E3DA8B9892BD272F8CB52926C8D",
        "type": "BUY",
        "value": 123.0,
        "wallet": "terra1nynrxdccq0r9ghrz0sq7tjkkh8wug0ggg4lkzsags8r9dyhf7ypqx5gsr8"
      },
      {
        "amount": 1249.074569,
        "baseAmount": 11660.62572,
        "baseSymbol": "CWLUNC",
        "pairId": "astro-cwlunc",
        "price": 9.335411999729857,
        "sourceContract": "terra1nujm9zqa4hpaz9s8wrhrp86h3m9xwprjt9kmf9",
        "sourcePairId": "astro-cwlunc-ref-1",
        "sourceType": "reference",
        "timestamp": "2026-04-26T23:02:42Z",
        "tokenAmount": 1249.074569,
        "tokenSymbol": "ASTRO",
        "txhash": "A24278F798C2654558D84A0840FACECBAFF3DC05BF68F0F1D07EF7A08EA28291",
        "type": "SELL",
        "value": 11660.62572,
        "wallet": "terra1ydeh9exz82qrzw82ycjr6n462u5ldt8m8qt4rh"
      },
      {
        "amount": 1230.208235,
        "baseAmount": 11725.782723,
        "baseSymbol": "CWLUNC",
        "pairId": "astro-cwlunc",
        "price": 9.531543026128418,
        "sourceContract": "terra1nujm9zqa4hpaz9s8wrhrp86h3m9xwprjt9kmf9",
        "sourcePairId": "astro-cwlunc-ref-1",
        "sourceType": "reference",
        "timestamp": "2026-04-26T22:12:23Z",
        "tokenAmount": 1230.208235,
        "tokenSymbol": "ASTRO",
        "txhash": "BAF956DE0BD206A32C5FF8100AD5117C2EEDA857C55324546D09E2AA94AD2E40",
        "type": "SELL",
        "value": 11725.782723,
        "wallet": "terra1ydeh9exz82qrzw82ycjr6n462u5ldt8m8qt4rh"
      },
      {
        "amount": 1210.007849,
        "baseAmount": 11774.203227,
        "baseSymbol": "CWLUNC",
        "pairId": "astro-cwlunc",
        "price": 9.730683347823472,
        "sourceContract": "terra1nujm9zqa4hpaz9s8wrhrp86h3m9xwprjt9kmf9",
        "sourcePairId": "astro-cwlunc-ref-1",
        "sourceType": "reference",
        "timestamp": "2026-04-26T20:44:23Z",
        "tokenAmount": 1210.007849,
        "tokenSymbol": "ASTRO",
        "txhash": "DD5BF0B5D151A69852240786331DB1375EB7DBBE94E1E843D5C0145AEC643394",
        "type": "SELL",
        "value": 11774.203227,
        "wallet": "terra1ydeh9exz82qrzw82ycjr6n462u5ldt8m8qt4rh"
      },
      {
        "amount": 1192.443264,
        "baseAmount": 11844.425015,
        "baseSymbol": "CWLUNC",
        "pairId": "astro-cwlunc",
        "price": 9.932904459763044,
        "sourceContract": "terra1nujm9zqa4hpaz9s8wrhrp86h3m9xwprjt9kmf9",
        "sourcePairId": "astro-cwlunc-ref-1",
        "sourceType": "reference",
        "timestamp": "2026-04-26T18:08:42Z",
        "tokenAmount": 1192.443264,
        "tokenSymbol": "ASTRO",
        "txhash": "42A9ACC7BC87F4834997138FC00B22A1D37BE3E3B5D4B0F4C25F7B6AB13B7846",
        "type": "SELL",
        "value": 11844.425015,
        "wallet": "terra1ydeh9exz82qrzw82ycjr6n462u5ldt8m8qt4rh"
      },
      {
        "amount": 1174.602033,
        "baseAmount": 11908.556879,
        "baseSymbol": "CWLUNC",
        "pairId": "astro-cwlunc",
        "price": 10.138375845123369,
        "sourceContract": "terra1nujm9zqa4hpaz9s8wrhrp86h3m9xwprjt9kmf9",
        "sourcePairId": "astro-cwlunc-ref-1",
        "sourceType": "reference",
        "timestamp": "2026-04-25T22:25:57Z",
        "tokenAmount": 1174.602033,
        "tokenSymbol": "ASTRO",
        "txhash": "371C0C9AAD7F580E12FD09271332BB641C7F8AF2393B5138AFECFBF782462DD2",
        "type": "SELL",
        "value": 11908.556879,
        "wallet": "terra1ydeh9exz82qrzw82ycjr6n462u5ldt8m8qt4rh"
      },
      {
        "amount": 1152.286045,
        "baseAmount": 11922.288241,
        "baseSymbol": "CWLUNC",
        "pairId": "astro-cwlunc",
        "price": 10.34663944142446,
        "sourceContract": "terra1nujm9zqa4hpaz9s8wrhrp86h3m9xwprjt9kmf9",
        "sourcePairId": "astro-cwlunc-ref-1",
        "sourceType": "reference",
        "timestamp": "2026-04-24T01:48:49Z",
        "tokenAmount": 1152.286045,
        "tokenSymbol": "ASTRO",
        "txhash": "FF54F44C818F758EBFB03FC3515A4940E66FAEBCCB4AD26131436D9046D4D24D",
        "type": "SELL",
        "value": 11922.288241,
        "wallet": "terra1ydeh9exz82qrzw82ycjr6n462u5ldt8m8qt4rh"
      },
      {
        "amount": 1138.843583,
        "baseAmount": 12023.958115,
        "baseSymbol": "CWLUNC",
        "pairId": "astro-cwlunc",
        "price": 10.558041766654094,
        "sourceContract": "terra1nujm9zqa4hpaz9s8wrhrp86h3m9xwprjt9kmf9",
        "sourcePairId": "astro-cwlunc-ref-1",
        "sourceType": "reference",
        "timestamp": "2026-04-23T23:42:13Z",
        "tokenAmount": 1138.843583,
        "tokenSymbol": "ASTRO",
        "txhash": "EA8957C9410F74D7D856BE585CC458700C580920ED46C88B492884F14C2ED088",
        "type": "SELL",
        "value": 12023.958115,
        "wallet": "terra1ydeh9exz82qrzw82ycjr6n462u5ldt8m8qt4rh"
      },
      {
        "amount": 1104.715928,
        "baseAmount": 11737.359849,
        "baseSymbol": "CWLUNC",
        "pairId": "astro-cwlunc",
        "price": 10.62477651630275,
        "sourceContract": "terra1nujm9zqa4hpaz9s8wrhrp86h3m9xwprjt9kmf9",
        "sourcePairId": "astro-cwlunc-ref-1",
        "sourceType": "reference",
        "timestamp": "2026-04-15T14:44:07Z",
        "tokenAmount": 1104.715928,
        "tokenSymbol": "ASTRO",
        "txhash": "BEAD3303DBD8C6F00ECC94D5047C6D6144EB1B339731FA402EEC6BBAAB953C36",
        "type": "BUY",
        "value": 11737.359849,
        "wallet": "terra1ydeh9exz82qrzw82ycjr6n462u5ldt8m8qt4rh"
      },
      {
        "amount": 236.0454,
        "baseAmount": 2473.63845,
        "baseSymbol": "CWLUNC",
        "pairId": "astro-cwlunc",
        "price": 10.479502883767275,
        "sourceContract": "terra1nujm9zqa4hpaz9s8wrhrp86h3m9xwprjt9kmf9",
        "sourcePairId": "astro-cwlunc-ref-1",
        "sourceType": "reference",
        "timestamp": "2026-04-14T16:42:09Z",
        "tokenAmount": 236.0454,
        "tokenSymbol": "ASTRO",
        "txhash": "0907859B7EBF6A20B4A6743F1E7F6E818CC2A349F96534CCE32353C726A634F4",
        "type": "SELL",
        "value": 2473.63845,
        "wallet": "terra1ydeh9exz82qrzw82ycjr6n462u5ldt8m8qt4rh"
      },
      {
        "amount": 1138.785328,
        "baseAmount": 12080.475313,
        "baseSymbol": "CWLUNC",
        "pairId": "astro-cwlunc",
        "price": 10.608211236982148,
        "sourceContract": "terra1nujm9zqa4hpaz9s8wrhrp86h3m9xwprjt9kmf9",
        "sourcePairId": "astro-cwlunc-ref-1",
        "sourceType": "reference",
        "timestamp": "2026-04-14T03:42:55Z",
        "tokenAmount": 1138.785328,
        "tokenSymbol": "ASTRO",
        "txhash": "5657B5C498D5D2CD5D346966A3E6978FBD9D774D5F53C0D78CE2194A393720FF",
        "type": "SELL",
        "value": 12080.475313,
        "wallet": "terra1ydeh9exz82qrzw82ycjr6n462u5ldt8m8qt4rh"
      },
      {
        "amount": 92.772429,
        "baseAmount": 1000.0,
        "baseSymbol": "CWLUNC",
        "pairId": "astro-cwlunc",
        "price": 10.779064542979683,
        "sourceContract": "terra1udqrxagr6tu0snr89hcyntj3zm0tjra3pslalsvyq6aczmr7aqtsfyyv48",
        "sourcePairId": "astro-cwlunc",
        "sourceType": "primary",
        "timestamp": "2026-04-13T19:57:18Z",
        "tokenAmount": 92.772429,
        "tokenSymbol": "ASTRO",
        "txhash": "8C969AF1FBBD6C332F882D67D20CF97C1288F51CA4ECC2827C70AE6266F0EE8E",
        "type": "BUY",
        "value": 1000.0,
        "wallet": "terra1ypxlst5h5e4d64zun5nw8j9xzmghuemflu7m5h"
      },
      {
        "amount": 158.615229,
        "baseAmount": 1710.734601,
        "baseSymbol": "CWLUNC",
        "pairId": "astro-cwlunc",
        "price": 10.785437260882434,
        "sourceContract": "terra1udqrxagr6tu0snr89hcyntj3zm0tjra3pslalsvyq6aczmr7aqtsfyyv48",
        "sourcePairId": "astro-cwlunc",
        "sourceType": "primary",
        "timestamp": "2026-04-13T19:56:36Z",
        "tokenAmount": 158.615229,
        "tokenSymbol": "ASTRO",
        "txhash": "9B15978F01A8088EFF0D62DEE8AD8E611BDE4E0D9FF0900DB57DFDF0D369BEB6",
        "type": "BUY",
        "value": 1710.734601,
        "wallet": "terra1nynrxdccq0r9ghrz0sq7tjkkh8wug0ggg4lkzsags8r9dyhf7ypqx5gsr8"
      },
      {
        "amount": 92.772429,
        "baseAmount": 1000.0,
        "baseSymbol": "CWLUNC",
        "pairId": "astro-cwlunc",
        "price": 10.779064542979683,
        "sourceContract": "terra1udqrxagr6tu0snr89hcyntj3zm0tjra3pslalsvyq6aczmr7aqtsfyyv48",
        "sourcePairId": "astro-cwlunc",
        "sourceType": "primary",
        "timestamp": "2026-04-13T19:29:14Z",
        "tokenAmount": 92.772429,
        "tokenSymbol": "ASTRO",
        "txhash": "E59103C49A461357462337BE981CDC9EA532852C15CAE6481C2A7528C756F1AE",
        "type": "BUY",
        "value": 1000.0,
        "wallet": "terra1ypxlst5h5e4d64zun5nw8j9xzmghuemflu7m5h"
      },
      {
        "amount": 1112.749559,
        "baseAmount": 12044.260627,
        "baseSymbol": "CWLUNC",
        "pairId": "astro-cwlunc",
        "price": 10.823873646666616,
        "sourceContract": "terra1nujm9zqa4hpaz9s8wrhrp86h3m9xwprjt9kmf9",
        "sourcePairId": "astro-cwlunc-ref-1",
        "sourceType": "reference",
        "timestamp": "2026-04-13T12:06:27Z",
        "tokenAmount": 1112.749559,
        "tokenSymbol": "ASTRO",
        "txhash": "9162BBE309AF7BEDB2CD144BA7EB7728D635321BBC9C733FC633DDFD69ED457A",
        "type": "SELL",
        "value": 12044.260627,
        "wallet": "terra1ydeh9exz82qrzw82ycjr6n462u5ldt8m8qt4rh"
      },
      {
        "amount": 1079.846665,
        "baseAmount": 11921.802129,
        "baseSymbol": "CWLUNC",
        "pairId": "astro-cwlunc",
        "price": 11.04027313822375,
        "sourceContract": "terra1nujm9zqa4hpaz9s8wrhrp86h3m9xwprjt9kmf9",
        "sourcePairId": "astro-cwlunc-ref-1",
        "sourceType": "reference",
        "timestamp": "2026-04-12T11:08:22Z",
        "tokenAmount": 1079.846665,
        "tokenSymbol": "ASTRO",
        "txhash": "84F872DE9B8E89A49E34B5330C2759C1C7FBEE735DD942D33E9DD7634A4CC4E9",
        "type": "SELL",
        "value": 11921.802129,
        "wallet": "terra1ydeh9exz82qrzw82ycjr6n462u5ldt8m8qt4rh"
      },
      {
        "amount": 89.17271,
        "baseAmount": 1000.0,
        "baseSymbol": "CWLUNC",
        "pairId": "astro-cwlunc",
        "price": 11.214193221222054,
        "sourceContract": "terra1udqrxagr6tu0snr89hcyntj3zm0tjra3pslalsvyq6aczmr7aqtsfyyv48",
        "sourcePairId": "astro-cwlunc",
        "sourceType": "primary",
        "timestamp": "2026-04-10T04:55:43Z",
        "tokenAmount": 89.17271,
        "tokenSymbol": "ASTRO",
        "txhash": "527F67ACDC698B07F69C36E0A596654C8FED562B2CC0FE900D82782AE29EDFCC",
        "type": "BUY",
        "value": 1000.0,
        "wallet": "terra17qfdg4k5mdgat2a3ydg6kfj5u6uxcw85gkglwc"
      },
      {
        "amount": 65.686101,
        "baseAmount": 736.458311,
        "baseSymbol": "CWLUNC",
        "pairId": "astro-cwlunc",
        "price": 11.211783007184428,
        "sourceContract": "terra1udqrxagr6tu0snr89hcyntj3zm0tjra3pslalsvyq6aczmr7aqtsfyyv48",
        "sourcePairId": "astro-cwlunc",
        "sourceType": "primary",
        "timestamp": "2026-04-07T05:45:53Z",
        "tokenAmount": 65.686101,
        "tokenSymbol": "ASTRO",
        "txhash": "69B131532D3B78BBFC35AEB52E4376E2040B40CBACC491A39002A690284A7E6C",
        "type": "BUY",
        "value": 736.458311,
        "wallet": "terra1nynrxdccq0r9ghrz0sq7tjkkh8wug0ggg4lkzsags8r9dyhf7ypqx5gsr8"
      },
      {
        "amount": 1079.380223,
        "baseAmount": 12153.604714,
        "baseSymbol": "CWLUNC",
        "pairId": "astro-cwlunc",
        "price": 11.259799332083928,
        "sourceContract": "terra1nujm9zqa4hpaz9s8wrhrp86h3m9xwprjt9kmf9",
        "sourcePairId": "astro-cwlunc-ref-1",
        "sourceType": "reference",
        "timestamp": "2026-04-04T14:30:45Z",
        "tokenAmount": 1079.380223,
        "tokenSymbol": "ASTRO",
        "txhash": "B9EB74574E988CA9FCCFB43253BC63B6F5E961641AFC8E9702915E083FD5A356",
        "type": "SELL",
        "value": 12153.604714,
        "wallet": "terra1ydeh9exz82qrzw82ycjr6n462u5ldt8m8qt4rh"
      },
      {
        "amount": 1071.305866,
        "baseAmount": 12136.167609,
        "baseSymbol": "CWLUNC",
        "pairId": "astro-cwlunc",
        "price": 11.328387152693889,
        "sourceContract": "terra1nujm9zqa4hpaz9s8wrhrp86h3m9xwprjt9kmf9",
        "sourcePairId": "astro-cwlunc-ref-1",
        "sourceType": "reference",
        "timestamp": "2026-04-03T20:42:45Z",
        "tokenAmount": 1071.305866,
        "tokenSymbol": "ASTRO",
        "txhash": "BD54FB3AD640FA157E050DB7387C78ABCC079D2F9D567547CCBE5103AFDE5750",
        "type": "BUY",
        "value": 12136.167609,
        "wallet": "terra1ydeh9exz82qrzw82ycjr6n462u5ldt8m8qt4rh"
      },
      {
        "amount": 1084.736589,
        "baseAmount": 12048.370238,
        "baseSymbol": "CWLUNC",
        "pairId": "astro-cwlunc",
        "price": 11.10718524679543,
        "sourceContract": "terra1nujm9zqa4hpaz9s8wrhrp86h3m9xwprjt9kmf9",
        "sourcePairId": "astro-cwlunc-ref-1",
        "sourceType": "reference",
        "timestamp": "2026-04-03T20:25:25Z",
        "tokenAmount": 1084.736589,
        "tokenSymbol": "ASTRO",
        "txhash": "9FD6A433CA775DBE3C78160809B5B0AED8896E01798DFEB7BEF8197B7D877F6F",
        "type": "BUY",
        "value": 12048.370238,
        "wallet": "terra1ydeh9exz82qrzw82ycjr6n462u5ldt8m8qt4rh"
      },
      {
        "amount": 1082.180769,
        "baseAmount": 11786.377714,
        "baseSymbol": "CWLUNC",
        "pairId": "astro-cwlunc",
        "price": 10.891320610780507,
        "sourceContract": "terra1nujm9zqa4hpaz9s8wrhrp86h3m9xwprjt9kmf9",
        "sourcePairId": "astro-cwlunc-ref-1",
        "sourceType": "reference",
        "timestamp": "2026-04-03T20:19:26Z",
        "tokenAmount": 1082.180769,
        "tokenSymbol": "ASTRO",
        "txhash": "E18F9454C4F7D680670728737B8A4B07B619E70CDBDFF180FFCE795E4EFC9766",
        "type": "BUY",
        "value": 11786.377714,
        "wallet": "terra1ydeh9exz82qrzw82ycjr6n462u5ldt8m8qt4rh"
      },
      {
        "amount": 9.271123,
        "baseAmount": 100.0,
        "baseSymbol": "CWLUNC",
        "pairId": "astro-cwlunc",
        "price": 10.786179840349439,
        "sourceContract": "terra1udqrxagr6tu0snr89hcyntj3zm0tjra3pslalsvyq6aczmr7aqtsfyyv48",
        "sourcePairId": "astro-cwlunc",
        "sourceType": "primary",
        "timestamp": "2026-03-23T19:35:22Z",
        "tokenAmount": 9.271123,
        "tokenSymbol": "ASTRO",
        "txhash": "AA146EADF72011820240894AC77FAC0D22C9DCD31E192596DEF637C100CA53AB",
        "type": "BUY",
        "value": 100.0,
        "wallet": "terra1nynrxdccq0r9ghrz0sq7tjkkh8wug0ggg4lkzsags8r9dyhf7ypqx5gsr8"
      },
      {
        "amount": 73.210388,
        "baseAmount": 790.0,
        "baseSymbol": "CWLUNC",
        "pairId": "astro-cwlunc",
        "price": 10.790818374026376,
        "sourceContract": "terra1udqrxagr6tu0snr89hcyntj3zm0tjra3pslalsvyq6aczmr7aqtsfyyv48",
        "sourcePairId": "astro-cwlunc",
        "sourceType": "primary",
        "timestamp": "2026-03-23T03:31:22Z",
        "tokenAmount": 73.210388,
        "tokenSymbol": "ASTRO",
        "txhash": "D1A68C9189904FBAE083EFA49AEACF49AD9B8C49F3159C93C48CEC90012265D1",
        "type": "BUY",
        "value": 790.0,
        "wallet": "terra1nynrxdccq0r9ghrz0sq7tjkkh8wug0ggg4lkzsags8r9dyhf7ypqx5gsr8"
      },
      {
        "amount": 1117.249853,
        "baseAmount": 11930.673519,
        "baseSymbol": "CWLUNC",
        "pairId": "astro-cwlunc",
        "price": 10.678608269192585,
        "sourceContract": "terra1nujm9zqa4hpaz9s8wrhrp86h3m9xwprjt9kmf9",
        "sourcePairId": "astro-cwlunc-ref-1",
        "sourceType": "reference",
        "timestamp": "2026-03-12T16:31:35Z",
        "tokenAmount": 1117.249853,
        "tokenSymbol": "ASTRO",
        "txhash": "CEDB49261CC19ED14F60CFC8205338E859C60C32489136FF679BD76ACD00FD19",
        "type": "BUY",
        "value": 11930.673519,
        "wallet": "terra1ydeh9exz82qrzw82ycjr6n462u5ldt8m8qt4rh"
      },
      {
        "amount": 650.343446,
        "baseAmount": 6874.140878,
        "baseSymbol": "CWLUNC",
        "pairId": "astro-cwlunc",
        "price": 10.570016381774993,
        "sourceContract": "terra1nujm9zqa4hpaz9s8wrhrp86h3m9xwprjt9kmf9",
        "sourcePairId": "astro-cwlunc-ref-1",
        "sourceType": "reference",
        "timestamp": "2026-03-12T14:14:49Z",
        "tokenAmount": 650.343446,
        "tokenSymbol": "ASTRO",
        "txhash": "0A81FE25BF82190F79AA2BA944B0135B37082CCB9EA37973C0EC764ECA31D182",
        "type": "SELL",
        "value": 6874.140878,
        "wallet": "terra1f6j6jcqjfk3gxg6kfd0v5ht782y625u349kqqz"
      },
      {
        "amount": 99.448001,
        "baseAmount": 1064.341537,
        "baseSymbol": "CWLUNC",
        "pairId": "astro-cwlunc",
        "price": 10.702493024470144,
        "sourceContract": "terra1udqrxagr6tu0snr89hcyntj3zm0tjra3pslalsvyq6aczmr7aqtsfyyv48",
        "sourcePairId": "astro-cwlunc",
        "sourceType": "primary",
        "timestamp": "2026-03-09T03:27:55Z",
        "tokenAmount": 99.448001,
        "tokenSymbol": "ASTRO",
        "txhash": "500A6AE9F0196DD92EDF6129E54D425B4311BAE778A153D436603988434C129B",
        "type": "BUY",
        "value": 1064.341537,
        "wallet": "terra1nynrxdccq0r9ghrz0sq7tjkkh8wug0ggg4lkzsags8r9dyhf7ypqx5gsr8"
      },
      {
        "amount": 100.0,
        "baseAmount": 1062.419539,
        "baseSymbol": "CWLUNC",
        "pairId": "astro-cwlunc",
        "price": 10.62419539,
        "sourceContract": "terra1udqrxagr6tu0snr89hcyntj3zm0tjra3pslalsvyq6aczmr7aqtsfyyv48",
        "sourcePairId": "astro-cwlunc",
        "sourceType": "primary",
        "timestamp": "2026-03-08T00:24:38Z",
        "tokenAmount": 100.0,
        "tokenSymbol": "ASTRO",
        "txhash": "A52C7C2BAF1A38529A5BAF47CE4DDD624B6D9A6B0A039D98DD1F1BE9B468DB92",
        "type": "SELL",
        "value": 1062.419539,
        "wallet": "terra1nynrxdccq0r9ghrz0sq7tjkkh8wug0ggg4lkzsags8r9dyhf7ypqx5gsr8"
      },
      {
        "amount": 93.346553,
        "baseAmount": 999.0,
        "baseSymbol": "CWLUNC",
        "pairId": "astro-cwlunc",
        "price": 10.702055597060987,
        "sourceContract": "terra1udqrxagr6tu0snr89hcyntj3zm0tjra3pslalsvyq6aczmr7aqtsfyyv48",
        "sourcePairId": "astro-cwlunc",
        "sourceType": "primary",
        "timestamp": "2026-03-08T00:19:58Z",
        "tokenAmount": 93.346553,
        "tokenSymbol": "ASTRO",
        "txhash": "88AB94F2918CFA0A09E2D4A003AFDB75222DE8D68EDFC2B585948B769BC8270F",
        "type": "BUY",
        "value": 999.0,
        "wallet": "terra1nynrxdccq0r9ghrz0sq7tjkkh8wug0ggg4lkzsags8r9dyhf7ypqx5gsr8"
      },
      {
        "amount": 21.941483,
        "baseAmount": 233.232073,
        "baseSymbol": "CWLUNC",
        "pairId": "astro-cwlunc",
        "price": 10.629731499917302,
        "sourceContract": "terra1udqrxagr6tu0snr89hcyntj3zm0tjra3pslalsvyq6aczmr7aqtsfyyv48",
        "sourcePairId": "astro-cwlunc",
        "sourceType": "primary",
        "timestamp": "2026-03-07T23:38:36Z",
        "tokenAmount": 21.941483,
        "tokenSymbol": "ASTRO",
        "txhash": "C37D853535FD4CB19CF2CA47757BE7CACBFB455B2D67D3A484814EE12E6F9171",
        "type": "SELL",
        "value": 233.232073,
        "wallet": "terra1nynrxdccq0r9ghrz0sq7tjkkh8wug0ggg4lkzsags8r9dyhf7ypqx5gsr8"
      },
      {
        "amount": 93.439934,
        "baseAmount": 1000.0,
        "baseSymbol": "CWLUNC",
        "pairId": "astro-cwlunc",
        "price": 10.702062353768358,
        "sourceContract": "terra1udqrxagr6tu0snr89hcyntj3zm0tjra3pslalsvyq6aczmr7aqtsfyyv48",
        "sourcePairId": "astro-cwlunc",
        "sourceType": "primary",
        "timestamp": "2026-03-07T23:17:18Z",
        "tokenAmount": 93.439934,
        "tokenSymbol": "ASTRO",
        "txhash": "51887F37DB13A53D414925F8FF8448A2593642DE72BE267B96A7655544B4CA0C",
        "type": "BUY",
        "value": 1000.0,
        "wallet": "terra1nynrxdccq0r9ghrz0sq7tjkkh8wug0ggg4lkzsags8r9dyhf7ypqx5gsr8"
      },
      {
        "amount": 1102.90346,
        "baseAmount": 11841.463069,
        "baseSymbol": "CWLUNC",
        "pairId": "astro-cwlunc",
        "price": 10.73662700178672,
        "sourceContract": "terra1nujm9zqa4hpaz9s8wrhrp86h3m9xwprjt9kmf9",
        "sourcePairId": "astro-cwlunc-ref-1",
        "sourceType": "reference",
        "timestamp": "2026-03-06T18:32:17Z",
        "tokenAmount": 1102.90346,
        "tokenSymbol": "ASTRO",
        "txhash": "78AAEB681027A7F986CC8076853212440DF93038C1C35CC9BE1D5CD0D19F1653",
        "type": "SELL",
        "value": 11841.463069,
        "wallet": "terra1fvlm2alm4twxa45cqlf0d4zcvgfn7qxr6sex69"
      },
      {
        "amount": 551.467354,
        "baseAmount": 6009.457167,
        "baseSymbol": "CWLUNC",
        "pairId": "astro-cwlunc",
        "price": 10.897212905553063,
        "sourceContract": "terra1nujm9zqa4hpaz9s8wrhrp86h3m9xwprjt9kmf9",
        "sourcePairId": "astro-cwlunc-ref-1",
        "sourceType": "reference",
        "timestamp": "2026-03-05T06:03:25Z",
        "tokenAmount": 551.467354,
        "tokenSymbol": "ASTRO",
        "txhash": "AE82DFBEA0356D7C7BF19A40561D231D615CA8FCAAD22C9AA2A0DB4FA0EA21F9",
        "type": "SELL",
        "value": 6009.457167,
        "wallet": "terra1fvlm2alm4twxa45cqlf0d4zcvgfn7qxr6sex69"
      },
      {
        "amount": 26.249399,
        "baseAmount": 289.256656,
        "baseSymbol": "CWLUNC",
        "pairId": "astro-cwlunc",
        "price": 11.019553476252923,
        "sourceContract": "terra1udqrxagr6tu0snr89hcyntj3zm0tjra3pslalsvyq6aczmr7aqtsfyyv48",
        "sourcePairId": "astro-cwlunc",
        "sourceType": "primary",
        "timestamp": "2026-03-05T05:23:38Z",
        "tokenAmount": 26.249399,
        "tokenSymbol": "ASTRO",
        "txhash": "E4D5562BA2C08D07B9E0E12F0CA4470105941EB7F96B2F51CB1A886025A5CDA6",
        "type": "BUY",
        "value": 289.256656,
        "wallet": "terra1nynrxdccq0r9ghrz0sq7tjkkh8wug0ggg4lkzsags8r9dyhf7ypqx5gsr8"
      },
      {
        "amount": 43.026889,
        "baseAmount": 474.191183,
        "baseSymbol": "CWLUNC",
        "pairId": "astro-cwlunc",
        "price": 11.020810335602,
        "sourceContract": "terra1udqrxagr6tu0snr89hcyntj3zm0tjra3pslalsvyq6aczmr7aqtsfyyv48",
        "sourcePairId": "astro-cwlunc",
        "sourceType": "primary",
        "timestamp": "2026-03-04T13:53:08Z",
        "tokenAmount": 43.026889,
        "tokenSymbol": "ASTRO",
        "txhash": "17EA6ECDFC787471853B1332DDA1F9C8A26BECADB859A208FD1DB5C504751CF1",
        "type": "BUY",
        "value": 474.191183,
        "wallet": "terra1nynrxdccq0r9ghrz0sq7tjkkh8wug0ggg4lkzsags8r9dyhf7ypqx5gsr8"
      },
      {
        "amount": 31.953369,
        "baseAmount": 352.125509,
        "baseSymbol": "CWLUNC",
        "pairId": "astro-cwlunc",
        "price": 11.01998067871967,
        "sourceContract": "terra1udqrxagr6tu0snr89hcyntj3zm0tjra3pslalsvyq6aczmr7aqtsfyyv48",
        "sourcePairId": "astro-cwlunc",
        "sourceType": "primary",
        "timestamp": "2026-03-03T06:27:01Z",
        "tokenAmount": 31.953369,
        "tokenSymbol": "ASTRO",
        "txhash": "28781BB55085F1F3784B29A702CE4B31272AD37BBA9F2923ABE33B73915CB56A",
        "type": "BUY",
        "value": 352.125509,
        "wallet": "terra1ghewclqpgu2j2pr76g3m3d945ldfyv58zrucp9"
      },
      {
        "amount": 1075.997366,
        "baseAmount": 11899.474488,
        "baseSymbol": "CWLUNC",
        "pairId": "astro-cwlunc",
        "price": 11.059018231834592,
        "sourceContract": "terra1nujm9zqa4hpaz9s8wrhrp86h3m9xwprjt9kmf9",
        "sourcePairId": "astro-cwlunc-ref-1",
        "sourceType": "reference",
        "timestamp": "2026-02-28T20:15:06Z",
        "tokenAmount": 1075.997366,
        "tokenSymbol": "ASTRO",
        "txhash": "F3752151E8F58E6AEF9F1453B35EDB990721D44BCA8C8E86F0FC28A05278956E",
        "type": "SELL",
        "value": 11899.474488,
        "wallet": "terra1ydeh9exz82qrzw82ycjr6n462u5ldt8m8qt4rh"
      },
      {
        "amount": 88.952907,
        "baseAmount": 1000.0,
        "baseSymbol": "CWLUNC",
        "pairId": "astro-cwlunc",
        "price": 11.241903538914137,
        "sourceContract": "terra1udqrxagr6tu0snr89hcyntj3zm0tjra3pslalsvyq6aczmr7aqtsfyyv48",
        "sourcePairId": "astro-cwlunc",
        "sourceType": "primary",
        "timestamp": "2026-02-28T18:54:14Z",
        "tokenAmount": 88.952907,
        "tokenSymbol": "ASTRO",
        "txhash": "9E4C2352EF8FE9E88D3069A7B45ED0CD391FC0DCF0413F9EBFD649CE80E7F594",
        "type": "BUY",
        "value": 1000.0,
        "wallet": "terra1ghewclqpgu2j2pr76g3m3d945ldfyv58zrucp9"
      },
      {
        "amount": 100.0,
        "baseAmount": 1116.009268,
        "baseSymbol": "CWLUNC",
        "pairId": "astro-cwlunc",
        "price": 11.16009268,
        "sourceContract": "terra1udqrxagr6tu0snr89hcyntj3zm0tjra3pslalsvyq6aczmr7aqtsfyyv48",
        "sourcePairId": "astro-cwlunc",
        "sourceType": "primary",
        "timestamp": "2026-02-28T00:41:13Z",
        "tokenAmount": 100.0,
        "tokenSymbol": "ASTRO",
        "txhash": "22FFE3A8DBF5902D20D7039C4A5CDA0F8352538DD99714369A26F48EF5EA969F",
        "type": "SELL",
        "value": 1116.009268,
        "wallet": "terra1nynrxdccq0r9ghrz0sq7tjkkh8wug0ggg4lkzsags8r9dyhf7ypqx5gsr8"
      },
      {
        "amount": 100.0,
        "baseAmount": 1116.009268,
        "baseSymbol": "CWLUNC",
        "pairId": "astro-cwlunc",
        "price": 11.16009268,
        "sourceContract": "terra1udqrxagr6tu0snr89hcyntj3zm0tjra3pslalsvyq6aczmr7aqtsfyyv48",
        "sourcePairId": "astro-cwlunc",
        "sourceType": "primary",
        "timestamp": "2026-02-28T00:40:34Z",
        "tokenAmount": 100.0,
        "tokenSymbol": "ASTRO",
        "txhash": "AFE80AED212018C6FC3E83508C0E827B5F2301C9942862A53BD79E2B6B53413B",
        "type": "SELL",
        "value": 1116.009268,
        "wallet": "terra1nynrxdccq0r9ghrz0sq7tjkkh8wug0ggg4lkzsags8r9dyhf7ypqx5gsr8"
      },
      {
        "amount": 223.752977,
        "baseAmount": 2517.739249,
        "baseSymbol": "CWLUNC",
        "pairId": "astro-cwlunc",
        "price": 11.25231620493702,
        "sourceContract": "terra1udqrxagr6tu0snr89hcyntj3zm0tjra3pslalsvyq6aczmr7aqtsfyyv48",
        "sourcePairId": "astro-cwlunc",
        "sourceType": "primary",
        "timestamp": "2026-02-28T00:37:47Z",
        "tokenAmount": 223.752977,
        "tokenSymbol": "ASTRO",
        "txhash": "0898AC67D5590C206C0EA458E71E4603A322F7364881F795D88D19CCADEEFB70",
        "type": "BUY",
        "value": 2517.739249,
        "wallet": "terra1nynrxdccq0r9ghrz0sq7tjkkh8wug0ggg4lkzsags8r9dyhf7ypqx5gsr8"
      },
      {
        "amount": 87.52445,
        "baseAmount": 983.931778,
        "baseSymbol": "CWLUNC",
        "pairId": "astro-cwlunc",
        "price": 11.241793327464498,
        "sourceContract": "terra1udqrxagr6tu0snr89hcyntj3zm0tjra3pslalsvyq6aczmr7aqtsfyyv48",
        "sourcePairId": "astro-cwlunc",
        "sourceType": "primary",
        "timestamp": "2026-02-27T13:06:04Z",
        "tokenAmount": 87.52445,
        "tokenSymbol": "ASTRO",
        "txhash": "A382B5381C11ECCB39B6AB1D171E79D38C0D79AB7D068207D537EB51874AB7A8",
        "type": "BUY",
        "value": 983.931778,
        "wallet": "terra1nynrxdccq0r9ghrz0sq7tjkkh8wug0ggg4lkzsags8r9dyhf7ypqx5gsr8"
      },
      {
        "amount": 88.952907,
        "baseAmount": 992.797676,
        "baseSymbol": "CWLUNC",
        "pairId": "astro-cwlunc",
        "price": 11.16093570725013,
        "sourceContract": "terra1udqrxagr6tu0snr89hcyntj3zm0tjra3pslalsvyq6aczmr7aqtsfyyv48",
        "sourcePairId": "astro-cwlunc",
        "sourceType": "primary",
        "timestamp": "2026-02-27T12:59:39Z",
        "tokenAmount": 88.952907,
        "tokenSymbol": "ASTRO",
        "txhash": "2F32EB6868A05A7D15B5211E2FF5E635A33A8A43C1467846EDD038A35B800EC1",
        "type": "SELL",
        "value": 992.797676,
        "wallet": "terra1nynrxdccq0r9ghrz0sq7tjkkh8wug0ggg4lkzsags8r9dyhf7ypqx5gsr8"
      },
      {
        "amount": 88.952907,
        "baseAmount": 1000.0,
        "baseSymbol": "CWLUNC",
        "pairId": "astro-cwlunc",
        "price": 11.241903538914137,
        "sourceContract": "terra1udqrxagr6tu0snr89hcyntj3zm0tjra3pslalsvyq6aczmr7aqtsfyyv48",
        "sourcePairId": "astro-cwlunc",
        "sourceType": "primary",
        "timestamp": "2026-02-27T12:57:44Z",
        "tokenAmount": 88.952907,
        "tokenSymbol": "ASTRO",
        "txhash": "EB0C91500CC2051361B8BD57504DC488D55841E9D4C940ED25784227BD27F323",
        "type": "BUY",
        "value": 1000.0,
        "wallet": "terra177uthd64uudlhk0fpd3dr2m2m3yc4rlp7gk40u"
      },
      {
        "amount": 1082.015056,
        "baseAmount": 12204.049369,
        "baseSymbol": "CWLUNC",
        "pairId": "astro-cwlunc",
        "price": 11.279001434708318,
        "sourceContract": "terra1nujm9zqa4hpaz9s8wrhrp86h3m9xwprjt9kmf9",
        "sourcePairId": "astro-cwlunc-ref-1",
        "sourceType": "reference",
        "timestamp": "2026-02-27T05:33:31Z",
        "tokenAmount": 1082.015056,
        "tokenSymbol": "ASTRO",
        "txhash": "D80AD20569C2F235794ECF8A22D82C072378E72B0C129430FD97967546511CA4",
        "type": "SELL",
        "value": 12204.049369,
        "wallet": "terra1ydeh9exz82qrzw82ycjr6n462u5ldt8m8qt4rh"
      },
      {
        "amount": 1068.70212,
        "baseAmount": 12295.237232,
        "baseSymbol": "CWLUNC",
        "pairId": "astro-cwlunc",
        "price": 11.50483095514024,
        "sourceContract": "terra1nujm9zqa4hpaz9s8wrhrp86h3m9xwprjt9kmf9",
        "sourcePairId": "astro-cwlunc-ref-1",
        "sourceType": "reference",
        "timestamp": "2026-02-27T05:12:04Z",
        "tokenAmount": 1068.70212,
        "tokenSymbol": "ASTRO",
        "txhash": "8C55927769C2B6221A9BD50BFA79197D0381A42482B2DEC1BFADDE9D9BB9D909",
        "type": "SELL",
        "value": 12295.237232,
        "wallet": "terra1ydeh9exz82qrzw82ycjr6n462u5ldt8m8qt4rh"
      },
      {
        "amount": 1052.293169,
        "baseAmount": 12347.869887,
        "baseSymbol": "CWLUNC",
        "pairId": "astro-cwlunc",
        "price": 11.734248829852472,
        "sourceContract": "terra1nujm9zqa4hpaz9s8wrhrp86h3m9xwprjt9kmf9",
        "sourcePairId": "astro-cwlunc-ref-1",
        "sourceType": "reference",
        "timestamp": "2026-02-27T04:37:46Z",
        "tokenAmount": 1052.293169,
        "tokenSymbol": "ASTRO",
        "txhash": "8E077A30553F76DFAC69069B52927D6D54F873965ED13AF3F5D6A378CC329C40",
        "type": "SELL",
        "value": 12347.869887,
        "wallet": "terra1ydeh9exz82qrzw82ycjr6n462u5ldt8m8qt4rh"
      }
    ],
    "cwlunc-cwustc": [
      {
        "amount": 200000.0,
        "baseAmount": 2116.856683,
        "baseSymbol": "CWUSTC",
        "pairId": "cwlunc-cwustc",
        "price": 0.010584283415,
        "sourceContract": "terra1l7vy20x940je7lskm6x9s839vjsmekz9k9mv7g",
        "sourcePairId": "cwlunc-cwustc-ref-1",
        "sourceType": "reference",
        "timestamp": "2026-04-27T21:09:39Z",
        "tokenAmount": 200000.0,
        "tokenSymbol": "CWLUNC",
        "txhash": "91CFEA55D377FC2727AB1DE7B3724BF63F81E43988230B27E51976FD56A6CF36",
        "type": "SELL",
        "value": 2116.856683,
        "wallet": "terra1g3zc8lwwmkrm0cz9wkgl849pdqaw6cq8lh7872"
      },
      {
        "amount": 100000.0,
        "baseAmount": 1059.74207,
        "baseSymbol": "CWUSTC",
        "pairId": "cwlunc-cwustc",
        "price": 0.0105974207,
        "sourceContract": "terra1l7vy20x940je7lskm6x9s839vjsmekz9k9mv7g",
        "sourcePairId": "cwlunc-cwustc-ref-1",
        "sourceType": "reference",
        "timestamp": "2026-04-27T21:07:34Z",
        "tokenAmount": 100000.0,
        "tokenSymbol": "CWLUNC",
        "txhash": "6C1B95470CDF07ECA40B187F1FF3B9A6C8CD0D4C28E4D818A3043BAFBAE78FC9",
        "type": "SELL",
        "value": 1059.74207,
        "wallet": "terra1g3zc8lwwmkrm0cz9wkgl849pdqaw6cq8lh7872"
      },
      {
        "amount": 1875.450667,
        "baseAmount": 20.0,
        "baseSymbol": "CWUSTC",
        "pairId": "cwlunc-cwustc",
        "price": 0.010664103488252405,
        "sourceContract": "terra1m6ywlgn6wrjuagcmmezzz2a029gtldhey5k552",
        "sourcePairId": "cwlunc-cwustc-ref-2",
        "sourceType": "reference",
        "timestamp": "2026-04-27T21:07:28Z",
        "tokenAmount": 1875.450667,
        "tokenSymbol": "CWLUNC",
        "txhash": "D64A797193B0CE1A05C102CB85DFD641C328BB3076EEEC27FFDD20756A5D32DF",
        "type": "BUY",
        "value": 20.0,
        "wallet": "terra107ktm9rr83m77vfr28yhkks5kpyvccj5va8rk5"
      },
      {
        "amount": 25.14273,
        "baseAmount": 0.268165,
        "baseSymbol": "CWUSTC",
        "pairId": "cwlunc-cwustc",
        "price": 0.010665707343633726,
        "sourceContract": "terra1l7vy20x940je7lskm6x9s839vjsmekz9k9mv7g",
        "sourcePairId": "cwlunc-cwustc-ref-1",
        "sourceType": "reference",
        "timestamp": "2026-04-27T21:06:46Z",
        "tokenAmount": 25.14273,
        "tokenSymbol": "CWLUNC",
        "txhash": "FB7806EC48CD3FA6DDEA3345BF59E93CC1919DB276234ECA023128EEC36C2B9D",
        "type": "BUY",
        "value": 0.268165,
        "wallet": "terra1dhjqjn69swp5etcust803c4dzsyduwkn8u4kc5"
      },
      {
        "amount": 56530.256001,
        "baseAmount": 599.462813,
        "baseSymbol": "CWUSTC",
        "pairId": "cwlunc-cwustc",
        "price": 0.010604282651566193,
        "sourceContract": "terra1l7vy20x940je7lskm6x9s839vjsmekz9k9mv7g",
        "sourcePairId": "cwlunc-cwustc-ref-1",
        "sourceType": "reference",
        "timestamp": "2026-04-27T21:06:05Z",
        "tokenAmount": 56530.256001,
        "tokenSymbol": "CWLUNC",
        "txhash": "0C1FBEBD3D5E1E1F7E5C766D9187EE78CA3DC3E185E0B32270EEB62220B7CA6C",
        "type": "SELL",
        "value": 599.462813,
        "wallet": "terra1q7a9kg5xusufjfjp3v8ghsc7urfrlj8m99hlwh"
      },
      {
        "amount": 249007.904407,
        "baseAmount": 2640.723122,
        "baseSymbol": "CWUSTC",
        "pairId": "cwlunc-cwustc",
        "price": 0.010604977092147944,
        "sourceContract": "terra1m6ywlgn6wrjuagcmmezzz2a029gtldhey5k552",
        "sourcePairId": "cwlunc-cwustc-ref-2",
        "sourceType": "reference",
        "timestamp": "2026-04-27T21:05:59Z",
        "tokenAmount": 249007.904407,
        "tokenSymbol": "CWLUNC",
        "txhash": "3BB929E121CFF743AF46E15839260D1612A9EC74DDAE809319B7A44F1DF082EE",
        "type": "SELL",
        "value": 2640.723122,
        "wallet": "terra1q7a9kg5xusufjfjp3v8ghsc7urfrlj8m99hlwh"
      },
      {
        "amount": 95521.35464,
        "baseAmount": 1013.572509,
        "baseSymbol": "CWUSTC",
        "pairId": "cwlunc-cwustc",
        "price": 0.010610951999371687,
        "sourceContract": "terra1l7vy20x940je7lskm6x9s839vjsmekz9k9mv7g",
        "sourcePairId": "cwlunc-cwustc-ref-1",
        "sourceType": "reference",
        "timestamp": "2026-04-27T21:05:35Z",
        "tokenAmount": 95521.35464,
        "tokenSymbol": "CWLUNC",
        "txhash": "C8753E16B1218156935A9EA6A8E34DE3561FF67A89BCD2BA5FF6A4E27D907AA6",
        "type": "SELL",
        "value": 1013.572509,
        "wallet": "terra1g3zc8lwwmkrm0cz9wkgl849pdqaw6cq8lh7872"
      },
      {
        "amount": 963.642738,
        "baseAmount": 10.290826,
        "baseSymbol": "CWUSTC",
        "pairId": "cwlunc-cwustc",
        "price": 0.010679088415441365,
        "sourceContract": "terra1l7vy20x940je7lskm6x9s839vjsmekz9k9mv7g",
        "sourcePairId": "cwlunc-cwustc-ref-1",
        "sourceType": "reference",
        "timestamp": "2026-04-27T21:05:05Z",
        "tokenAmount": 963.642738,
        "tokenSymbol": "CWLUNC",
        "txhash": "AA2E951BDC30FDCB21380DC01B1AEE78F57FDDAE9A592D3D90007033F5A50CC6",
        "type": "BUY",
        "value": 10.290826,
        "wallet": "terra1x69sn728vdvgpy8pl7axvq6kkvzc4a2xrzsuxu"
      },
      {
        "amount": 95095.691493,
        "baseAmount": 1000.0,
        "baseSymbol": "CWUSTC",
        "pairId": "cwlunc-cwustc",
        "price": 0.010515723523327133,
        "sourceContract": "terra1dlffujgmvdl7tuv3car5n9asfvvqsrxkdtrc2afvemexvnuy2wnsrf5uy0",
        "sourcePairId": "cwlunc-cwustc-ref-3",
        "sourceType": "reference",
        "timestamp": "2026-04-27T21:04:30Z",
        "tokenAmount": 95095.691493,
        "tokenSymbol": "CWLUNC",
        "txhash": "B421CA7CB05C1CBE57C7D3B603D1D231018E3FA84F3C85F3A2F67B20E4408FAE",
        "type": "BUY",
        "value": 1000.0,
        "wallet": "terra1a08zwcau6kns52tunfhg46ytywxxjk9dng4ewdk6ujqtwtq0wmqs89v6ga"
      },
      {
        "amount": 2998.030079,
        "baseAmount": 32.0,
        "baseSymbol": "CWUSTC",
        "pairId": "cwlunc-cwustc",
        "price": 0.01067367543246053,
        "sourceContract": "terra1m6ywlgn6wrjuagcmmezzz2a029gtldhey5k552",
        "sourcePairId": "cwlunc-cwustc-ref-2",
        "sourceType": "reference",
        "timestamp": "2026-04-27T20:59:45Z",
        "tokenAmount": 2998.030079,
        "tokenSymbol": "CWLUNC",
        "txhash": "D05B8DFDFD9725B27499E113238CED7392CF4EE25EFACD5DE1326C172C9D37BF",
        "type": "BUY",
        "value": 32.0,
        "wallet": "terra18nnwv2fwszwsy9jjt3e5snwfuuz2hdmvf5anqk"
      },
      {
        "amount": 187410.703563,
        "baseAmount": 1999.666722,
        "baseSymbol": "CWUSTC",
        "pairId": "cwlunc-cwustc",
        "price": 0.010669970732636367,
        "sourceContract": "terra1m6ywlgn6wrjuagcmmezzz2a029gtldhey5k552",
        "sourcePairId": "cwlunc-cwustc-ref-2",
        "sourceType": "reference",
        "timestamp": "2026-04-27T20:55:23Z",
        "tokenAmount": 187410.703563,
        "tokenSymbol": "CWLUNC",
        "txhash": "DA959708D6BFB885F6D9E45733F4F93636DA126339FAAE006C490D567A8E2255",
        "type": "BUY",
        "value": 1999.666722,
        "wallet": "terra1ak9s7ugpaurevr7myydqa6yae7856wf3089neh"
      },
      {
        "amount": 187413.998455,
        "baseAmount": 1998.334721,
        "baseSymbol": "CWUSTC",
        "pairId": "cwlunc-cwustc",
        "price": 0.010662675880530987,
        "sourceContract": "terra1m6ywlgn6wrjuagcmmezzz2a029gtldhey5k552",
        "sourcePairId": "cwlunc-cwustc-ref-2",
        "sourceType": "reference",
        "timestamp": "2026-04-27T20:55:12Z",
        "tokenAmount": 187413.998455,
        "tokenSymbol": "CWLUNC",
        "txhash": "95B82077B1620D7769D499E389B6280998649327798101B72FE68F7986CE4682",
        "type": "BUY",
        "value": 1998.334721,
        "wallet": "terra1ak9s7ugpaurevr7myydqa6yae7856wf3089neh"
      },
      {
        "amount": 187354.955614,
        "baseAmount": 1996.340043,
        "baseSymbol": "CWUSTC",
        "pairId": "cwlunc-cwustc",
        "price": 0.010655389586347427,
        "sourceContract": "terra1m6ywlgn6wrjuagcmmezzz2a029gtldhey5k552",
        "sourcePairId": "cwlunc-cwustc-ref-2",
        "sourceType": "reference",
        "timestamp": "2026-04-27T20:55:06Z",
        "tokenAmount": 187354.955614,
        "tokenSymbol": "CWLUNC",
        "txhash": "D44E94D258B6C3561F002304F89BEF52A3029E2DC4D5C7017204D98AC1CCBA7F",
        "type": "BUY",
        "value": 1996.340043,
        "wallet": "terra1ak9s7ugpaurevr7myydqa6yae7856wf3089neh"
      },
      {
        "amount": 187451.855722,
        "baseAmount": 1996.007984,
        "baseSymbol": "CWUSTC",
        "pairId": "cwlunc-cwustc",
        "price": 0.010648110024369002,
        "sourceContract": "terra1m6ywlgn6wrjuagcmmezzz2a029gtldhey5k552",
        "sourcePairId": "cwlunc-cwustc-ref-2",
        "sourceType": "reference",
        "timestamp": "2026-04-27T20:54:54Z",
        "tokenAmount": 187451.855722,
        "tokenSymbol": "CWLUNC",
        "txhash": "4D549F6CAF4A57F750F1D06955919FB7B8B8F2B40E832EF996C0B149BA440914",
        "type": "BUY",
        "value": 1996.007984,
        "wallet": "terra1ak9s7ugpaurevr7myydqa6yae7856wf3089neh"
      },
      {
        "amount": 187617.349961,
        "baseAmount": 1996.404857,
        "baseSymbol": "CWUSTC",
        "pairId": "cwlunc-cwustc",
        "price": 0.0106408328303059,
        "sourceContract": "terra1m6ywlgn6wrjuagcmmezzz2a029gtldhey5k552",
        "sourcePairId": "cwlunc-cwustc-ref-2",
        "sourceType": "reference",
        "timestamp": "2026-04-27T20:54:43Z",
        "tokenAmount": 187617.349961,
        "tokenSymbol": "CWLUNC",
        "txhash": "296E61E954D54AC3713C713B7FA9836336A182563096A10FFCC8D33525647C6E",
        "type": "BUY",
        "value": 1996.404857,
        "wallet": "terra1ak9s7ugpaurevr7myydqa6yae7856wf3089neh"
      },
      {
        "amount": 187803.649412,
        "baseAmount": 1997.020675,
        "baseSymbol": "CWUSTC",
        "pairId": "cwlunc-cwustc",
        "price": 0.010633556276741857,
        "sourceContract": "terra1m6ywlgn6wrjuagcmmezzz2a029gtldhey5k552",
        "sourcePairId": "cwlunc-cwustc-ref-2",
        "sourceType": "reference",
        "timestamp": "2026-04-27T20:54:31Z",
        "tokenAmount": 187803.649412,
        "tokenSymbol": "CWLUNC",
        "txhash": "81411393B7ACE7EA1CF123BD94374DF1004F1940FF6D06277097759C20D1481B",
        "type": "BUY",
        "value": 1997.020675,
        "wallet": "terra1ak9s7ugpaurevr7myydqa6yae7856wf3089neh"
      },
      {
        "amount": 187961.994962,
        "baseAmount": 1997.336884,
        "baseSymbol": "CWUSTC",
        "pairId": "cwlunc-cwustc",
        "price": 0.010626280511673643,
        "sourceContract": "terra1m6ywlgn6wrjuagcmmezzz2a029gtldhey5k552",
        "sourcePairId": "cwlunc-cwustc-ref-2",
        "sourceType": "reference",
        "timestamp": "2026-04-27T20:54:25Z",
        "tokenAmount": 187961.994962,
        "tokenSymbol": "CWLUNC",
        "txhash": "19B8A60D3D3B3D0C4293893F48B85C3F3AA7FF096A796BE57B733E17CDAC92F6",
        "type": "BUY",
        "value": 1997.336884,
        "wallet": "terra1ak9s7ugpaurevr7myydqa6yae7856wf3089neh"
      },
      {
        "amount": 18951.798774,
        "baseAmount": 202.37123,
        "baseSymbol": "CWUSTC",
        "pairId": "cwlunc-cwustc",
        "price": 0.010678206982528402,
        "sourceContract": "terra1l7vy20x940je7lskm6x9s839vjsmekz9k9mv7g",
        "sourcePairId": "cwlunc-cwustc-ref-1",
        "sourceType": "reference",
        "timestamp": "2026-04-27T20:53:31Z",
        "tokenAmount": 18951.798774,
        "tokenSymbol": "CWLUNC",
        "txhash": "A7194FD645006F5A3DDA4E0BDBBF5CC02D10F634376AB660611CBF585F57CBFE",
        "type": "BUY",
        "value": 202.37123,
        "wallet": "terra1v3uv262c3tqzkvwgte65e440cu4kwqyf6pzhce"
      },
      {
        "amount": 11208.186504,
        "baseAmount": 118.962449,
        "baseSymbol": "CWUSTC",
        "pairId": "cwlunc-cwustc",
        "price": 0.010613889138759821,
        "sourceContract": "terra1l7vy20x940je7lskm6x9s839vjsmekz9k9mv7g",
        "sourcePairId": "cwlunc-cwustc-ref-1",
        "sourceType": "reference",
        "timestamp": "2026-04-27T20:46:24Z",
        "tokenAmount": 11208.186504,
        "tokenSymbol": "CWLUNC",
        "txhash": "6E6B0CD84AB9CC31929F699935E68A6EAE8A45EFE8E411B4EEEF2B2ABB6D8F9D",
        "type": "SELL",
        "value": 118.962449,
        "wallet": "terra1ydeh9exz82qrzw82ycjr6n462u5ldt8m8qt4rh"
      },
      {
        "amount": 98773.050937,
        "baseAmount": 1048.842932,
        "baseSymbol": "CWUSTC",
        "pairId": "cwlunc-cwustc",
        "price": 0.010618715550955077,
        "sourceContract": "terra1l7vy20x940je7lskm6x9s839vjsmekz9k9mv7g",
        "sourcePairId": "cwlunc-cwustc-ref-1",
        "sourceType": "reference",
        "timestamp": "2026-04-27T20:46:18Z",
        "tokenAmount": 98773.050937,
        "tokenSymbol": "CWLUNC",
        "txhash": "1A6438D90994664B6868DE66B810601228678FE004A3BEB7AAAD1C657FF98401",
        "type": "SELL",
        "value": 1048.842932,
        "wallet": "terra1q7a9kg5xusufjfjp3v8ghsc7urfrlj8m99hlwh"
      },
      {
        "amount": 389065.403577,
        "baseAmount": 4151.281269,
        "baseSymbol": "CWUSTC",
        "pairId": "cwlunc-cwustc",
        "price": 0.0106698802587787,
        "sourceContract": "terra1l7vy20x940je7lskm6x9s839vjsmekz9k9mv7g",
        "sourcePairId": "cwlunc-cwustc-ref-1",
        "sourceType": "reference",
        "timestamp": "2026-04-27T20:46:12Z",
        "tokenAmount": 389065.403577,
        "tokenSymbol": "CWLUNC",
        "txhash": "4F16C32980A8059DDE00389DF6FA8313B42FBBAF6B0D0632367377CF957C527A",
        "type": "BUY",
        "value": 4151.281269,
        "wallet": "terra1j9nupgvy5z3cd0uqa80wh3a9zv7au4jphx9vqn"
      },
      {
        "amount": 188458.596514,
        "baseAmount": 2006.018054,
        "baseSymbol": "CWUSTC",
        "pairId": "cwlunc-cwustc",
        "price": 0.01064434359114512,
        "sourceContract": "terra1l7vy20x940je7lskm6x9s839vjsmekz9k9mv7g",
        "sourcePairId": "cwlunc-cwustc-ref-1",
        "sourceType": "reference",
        "timestamp": "2026-04-27T20:40:11Z",
        "tokenAmount": 188458.596514,
        "tokenSymbol": "CWLUNC",
        "txhash": "045450B8850C42E50A299CADE103D06F8A0D41DEA55A6B045F86ABFE5A3F89FD",
        "type": "BUY",
        "value": 2006.018054,
        "wallet": "terra1ak9s7ugpaurevr7myydqa6yae7856wf3089neh"
      },
      {
        "amount": 188753.275063,
        "baseAmount": 2006.018054,
        "baseSymbol": "CWUSTC",
        "pairId": "cwlunc-cwustc",
        "price": 0.010627725814720053,
        "sourceContract": "terra1l7vy20x940je7lskm6x9s839vjsmekz9k9mv7g",
        "sourcePairId": "cwlunc-cwustc-ref-1",
        "sourceType": "reference",
        "timestamp": "2026-04-27T20:39:59Z",
        "tokenAmount": 188753.275063,
        "tokenSymbol": "CWLUNC",
        "txhash": "59B037E6C509F959F84176A09DAD75D80CA2047940D652A9209E54AC90246544",
        "type": "BUY",
        "value": 2006.018054,
        "wallet": "terra1ak9s7ugpaurevr7myydqa6yae7856wf3089neh"
      },
      {
        "amount": 189442.582722,
        "baseAmount": 2011.687102,
        "baseSymbol": "CWUSTC",
        "pairId": "cwlunc-cwustc",
        "price": 0.010618980553870914,
        "sourceContract": "terra1m6ywlgn6wrjuagcmmezzz2a029gtldhey5k552",
        "sourcePairId": "cwlunc-cwustc-ref-2",
        "sourceType": "reference",
        "timestamp": "2026-04-27T20:38:59Z",
        "tokenAmount": 189442.582722,
        "tokenSymbol": "CWLUNC",
        "txhash": "3D1BA1D732116EC9A5223A9A87091B035823492F9BED7C8B23B52E5DE34A8256",
        "type": "BUY",
        "value": 2011.687102,
        "wallet": "terra1ak9s7ugpaurevr7myydqa6yae7856wf3089neh"
      },
      {
        "amount": 9600.950665,
        "baseAmount": 101.349628,
        "baseSymbol": "CWUSTC",
        "pairId": "cwlunc-cwustc",
        "price": 0.010556207560722841,
        "sourceContract": "terra1l7vy20x940je7lskm6x9s839vjsmekz9k9mv7g",
        "sourcePairId": "cwlunc-cwustc-ref-1",
        "sourceType": "reference",
        "timestamp": "2026-04-27T20:33:21Z",
        "tokenAmount": 9600.950665,
        "tokenSymbol": "CWLUNC",
        "txhash": "D0FAFBA415C2FB660C56D51923348DF54C6A09C8031280352389553CFBDA23C3",
        "type": "SELL",
        "value": 101.349628,
        "wallet": "terra1g3zc8lwwmkrm0cz9wkgl849pdqaw6cq8lh7872"
      },
      {
        "amount": 1125.84138,
        "baseAmount": 11.956664,
        "baseSymbol": "CWUSTC",
        "pairId": "cwlunc-cwustc",
        "price": 0.010620202998756361,
        "sourceContract": "terra1l7vy20x940je7lskm6x9s839vjsmekz9k9mv7g",
        "sourcePairId": "cwlunc-cwustc-ref-1",
        "sourceType": "reference",
        "timestamp": "2026-04-27T20:32:57Z",
        "tokenAmount": 1125.84138,
        "tokenSymbol": "CWLUNC",
        "txhash": "CF4802ECEBF9249E43FD7EED707E3B4F323B1614B9D30CE409EF658AD47F2C35",
        "type": "BUY",
        "value": 11.956664,
        "wallet": "terra16k9k8f3krchucnl7uzwv5jwmz6ufdr6z9nrv0e"
      },
      {
        "amount": 5746.474494,
        "baseAmount": 61.0,
        "baseSymbol": "CWUSTC",
        "pairId": "cwlunc-cwustc",
        "price": 0.010615204167997478,
        "sourceContract": "terra1m6ywlgn6wrjuagcmmezzz2a029gtldhey5k552",
        "sourcePairId": "cwlunc-cwustc-ref-2",
        "sourceType": "reference",
        "timestamp": "2026-04-27T20:31:46Z",
        "tokenAmount": 5746.474494,
        "tokenSymbol": "CWLUNC",
        "txhash": "AAA597AC8B92D5DF14A9389F03DE6F783C05FFAABF0C307E82ADD848F20F55B7",
        "type": "BUY",
        "value": 61.0,
        "wallet": "terra157x7yew4a9qq0rwvt6c78wp8y564fe4rsachjg"
      },
      {
        "amount": 177718.631916,
        "baseAmount": 1885.890352,
        "baseSymbol": "CWUSTC",
        "pairId": "cwlunc-cwustc",
        "price": 0.010611663682462847,
        "sourceContract": "terra1m6ywlgn6wrjuagcmmezzz2a029gtldhey5k552",
        "sourcePairId": "cwlunc-cwustc-ref-2",
        "sourceType": "reference",
        "timestamp": "2026-04-27T20:27:07Z",
        "tokenAmount": 177718.631916,
        "tokenSymbol": "CWLUNC",
        "txhash": "351BE1F8D22CC5C669A504EFD51BE0E01B930F2908D7BCEC4355D46DE548FA23",
        "type": "BUY",
        "value": 1885.890352,
        "wallet": "terra1ak9s7ugpaurevr7myydqa6yae7856wf3089neh"
      },
      {
        "amount": 4437.248809,
        "baseAmount": 47.123399,
        "baseSymbol": "CWUSTC",
        "pairId": "cwlunc-cwustc",
        "price": 0.01061995867899505,
        "sourceContract": "terra1l7vy20x940je7lskm6x9s839vjsmekz9k9mv7g",
        "sourcePairId": "cwlunc-cwustc-ref-1",
        "sourceType": "reference",
        "timestamp": "2026-04-27T20:17:04Z",
        "tokenAmount": 4437.248809,
        "tokenSymbol": "CWLUNC",
        "txhash": "9299ABA7267049AD5B525E2D4F7D9228CACF1C0F3210220D5AC5F547C5A09380",
        "type": "BUY",
        "value": 47.123399,
        "wallet": "terra18taca9x8d4z9a0l0dudtrtye25ykyy2cps2g05"
      },
      {
        "amount": 188160.954923,
        "baseAmount": 1996.672212,
        "baseSymbol": "CWUSTC",
        "pairId": "cwlunc-cwustc",
        "price": 0.010611511898507776,
        "sourceContract": "terra1l7vy20x940je7lskm6x9s839vjsmekz9k9mv7g",
        "sourcePairId": "cwlunc-cwustc-ref-1",
        "sourceType": "reference",
        "timestamp": "2026-04-27T20:05:41Z",
        "tokenAmount": 188160.954923,
        "tokenSymbol": "CWLUNC",
        "txhash": "739F9230D1ACDF75759504A39262CD2A7C4BF1E029A3488D3B3AE22039A8A39A",
        "type": "BUY",
        "value": 1996.672212,
        "wallet": "terra1ak9s7ugpaurevr7myydqa6yae7856wf3089neh"
      },
      {
        "amount": 5022.240849,
        "baseAmount": 52.216145,
        "baseSymbol": "CWUSTC",
        "pairId": "cwlunc-cwustc",
        "price": 0.01039698146105378,
        "sourceContract": "terra1dlffujgmvdl7tuv3car5n9asfvvqsrxkdtrc2afvemexvnuy2wnsrf5uy0",
        "sourcePairId": "cwlunc-cwustc-ref-3",
        "sourceType": "reference",
        "timestamp": "2026-04-27T20:02:37Z",
        "tokenAmount": 5022.240849,
        "tokenSymbol": "CWLUNC",
        "txhash": "B7C344FCE09D119E33547B4111E02CC0F08B71E53129798A961F21F4D7553C0C",
        "type": "SELL",
        "value": 52.216145,
        "wallet": "terra1a08zwcau6kns52tunfhg46ytywxxjk9dng4ewdk6ujqtwtq0wmqs89v6ga"
      },
      {
        "amount": 47922.841426,
        "baseAmount": 505.192908,
        "baseSymbol": "CWUSTC",
        "pairId": "cwlunc-cwustc",
        "price": 0.010541797876907883,
        "sourceContract": "terra1l7vy20x940je7lskm6x9s839vjsmekz9k9mv7g",
        "sourcePairId": "cwlunc-cwustc-ref-1",
        "sourceType": "reference",
        "timestamp": "2026-04-27T19:55:54Z",
        "tokenAmount": 47922.841426,
        "tokenSymbol": "CWLUNC",
        "txhash": "6D2C93DD453D62091B24D8014A985F23DADC1A7A11F739111317BFDD34C727F1",
        "type": "SELL",
        "value": 505.192908,
        "wallet": "terra1g3zc8lwwmkrm0cz9wkgl849pdqaw6cq8lh7872"
      },
      {
        "amount": 1797.786658,
        "baseAmount": 19.069761,
        "baseSymbol": "CWUSTC",
        "pairId": "cwlunc-cwustc",
        "price": 0.010607354835536887,
        "sourceContract": "terra1l7vy20x940je7lskm6x9s839vjsmekz9k9mv7g",
        "sourcePairId": "cwlunc-cwustc-ref-1",
        "sourceType": "reference",
        "timestamp": "2026-04-27T19:48:22Z",
        "tokenAmount": 1797.786658,
        "tokenSymbol": "CWLUNC",
        "txhash": "B24F98DE9CC1980938615BB32A4DAFEA0639FEB976B114162AA6356F51B390F5",
        "type": "BUY",
        "value": 19.069761,
        "wallet": "terra1yln424nlw9q8ag98rd8z89rfjg2pasq23cqjfl"
      },
      {
        "amount": 200000.0,
        "baseAmount": 2110.483632,
        "baseSymbol": "CWUSTC",
        "pairId": "cwlunc-cwustc",
        "price": 0.01055241816,
        "sourceContract": "terra1l7vy20x940je7lskm6x9s839vjsmekz9k9mv7g",
        "sourcePairId": "cwlunc-cwustc-ref-1",
        "sourceType": "reference",
        "timestamp": "2026-04-27T19:48:05Z",
        "tokenAmount": 200000.0,
        "tokenSymbol": "CWLUNC",
        "txhash": "CB92540E709E5B2355974A50D1C948A396518D2FC93235D2BF57468DCE1647B8",
        "type": "SELL",
        "value": 2110.483632,
        "wallet": "terra1gygragtv7rhv86scnq4lkw0kw499939qer9ur5"
      },
      {
        "amount": 848.399317,
        "baseAmount": 9.0,
        "baseSymbol": "CWUSTC",
        "pairId": "cwlunc-cwustc",
        "price": 0.010608212217596587,
        "sourceContract": "terra1m6ywlgn6wrjuagcmmezzz2a029gtldhey5k552",
        "sourcePairId": "cwlunc-cwustc-ref-2",
        "sourceType": "reference",
        "timestamp": "2026-04-27T19:47:47Z",
        "tokenAmount": 848.399317,
        "tokenSymbol": "CWLUNC",
        "txhash": "00AE17B9AB95C48F7A6DAF0DCA68A5B99565466CFFAA5D3DA50B856E8C0C0800",
        "type": "BUY",
        "value": 9.0,
        "wallet": "terra1hn44zxtyy750ux2uq3xg0m26l09tfk2hxc0njx"
      },
      {
        "amount": 39594.879008,
        "baseAmount": 420.0,
        "baseSymbol": "CWUSTC",
        "pairId": "cwlunc-cwustc",
        "price": 0.01060743233778137,
        "sourceContract": "terra1m6ywlgn6wrjuagcmmezzz2a029gtldhey5k552",
        "sourcePairId": "cwlunc-cwustc-ref-2",
        "sourceType": "reference",
        "timestamp": "2026-04-27T19:47:35Z",
        "tokenAmount": 39594.879008,
        "tokenSymbol": "CWLUNC",
        "txhash": "935272C75BFF17BDC60BEBB80704673BF2243CE56E8E46C1F091CA19C01061EC",
        "type": "BUY",
        "value": 420.0,
        "wallet": "terra1d48pnvqess63gnrrkm7qethtspwyu3xza23kcl"
      },
      {
        "amount": 200000.0,
        "baseAmount": 2113.970823,
        "baseSymbol": "CWUSTC",
        "pairId": "cwlunc-cwustc",
        "price": 0.010569854115000001,
        "sourceContract": "terra1l7vy20x940je7lskm6x9s839vjsmekz9k9mv7g",
        "sourcePairId": "cwlunc-cwustc-ref-1",
        "sourceType": "reference",
        "timestamp": "2026-04-27T19:46:53Z",
        "tokenAmount": 200000.0,
        "tokenSymbol": "CWLUNC",
        "txhash": "A060B79191B53A966B03439B01B74C6AF05D050803FD2C4DA66891E6E6AE39E7",
        "type": "SELL",
        "value": 2113.970823,
        "wallet": "terra1gygragtv7rhv86scnq4lkw0kw499939qer9ur5"
      },
      {
        "amount": 200000.0,
        "baseAmount": 2117.466668,
        "baseSymbol": "CWUSTC",
        "pairId": "cwlunc-cwustc",
        "price": 0.01058733334,
        "sourceContract": "terra1l7vy20x940je7lskm6x9s839vjsmekz9k9mv7g",
        "sourcePairId": "cwlunc-cwustc-ref-1",
        "sourceType": "reference",
        "timestamp": "2026-04-27T19:45:48Z",
        "tokenAmount": 200000.0,
        "tokenSymbol": "CWLUNC",
        "txhash": "EF405C0034CC85FA5D60AC64B56C920657CDE14A67EE45A347610DF20CD49877",
        "type": "SELL",
        "value": 2117.466668,
        "wallet": "terra1gygragtv7rhv86scnq4lkw0kw499939qer9ur5"
      },
      {
        "amount": 18787.724966,
        "baseAmount": 199.092063,
        "baseSymbol": "CWUSTC",
        "pairId": "cwlunc-cwustc",
        "price": 0.010596922371404485,
        "sourceContract": "terra1l7vy20x940je7lskm6x9s839vjsmekz9k9mv7g",
        "sourcePairId": "cwlunc-cwustc-ref-1",
        "sourceType": "reference",
        "timestamp": "2026-04-27T19:43:55Z",
        "tokenAmount": 18787.724966,
        "tokenSymbol": "CWLUNC",
        "txhash": "35C53395F66E91B6AB84F15AC5F17920EF5526904F27CAE04169E522D7F5BB12",
        "type": "SELL",
        "value": 199.092063,
        "wallet": "terra1w3lzw857lpynmag2krqufmvzfy0mwfjqpvmqz5"
      },
      {
        "amount": 17887.276189,
        "baseAmount": 189.578823,
        "baseSymbol": "CWUSTC",
        "pairId": "cwlunc-cwustc",
        "price": 0.010598529423757868,
        "sourceContract": "terra1l7vy20x940je7lskm6x9s839vjsmekz9k9mv7g",
        "sourcePairId": "cwlunc-cwustc-ref-1",
        "sourceType": "reference",
        "timestamp": "2026-04-27T19:43:14Z",
        "tokenAmount": 17887.276189,
        "tokenSymbol": "CWLUNC",
        "txhash": "38D6AC3702E29B72C4FFC759CD7069D288E0F8A7AA0587E35AE7429CF87144B6",
        "type": "SELL",
        "value": 189.578823,
        "wallet": "terra1q7a9kg5xusufjfjp3v8ghsc7urfrlj8m99hlwh"
      },
      {
        "amount": 4863.14538,
        "baseAmount": 51.547041,
        "baseSymbol": "CWUSTC",
        "pairId": "cwlunc-cwustc",
        "price": 0.0105995270493024,
        "sourceContract": "terra1l7vy20x940je7lskm6x9s839vjsmekz9k9mv7g",
        "sourcePairId": "cwlunc-cwustc-ref-1",
        "sourceType": "reference",
        "timestamp": "2026-04-27T19:43:08Z",
        "tokenAmount": 4863.14538,
        "tokenSymbol": "CWLUNC",
        "txhash": "445C21226D4F1C5751384F9D157017978514307C548BC6646BF04726FF5F47CF",
        "type": "SELL",
        "value": 51.547041,
        "wallet": "terra1q7a9kg5xusufjfjp3v8ghsc7urfrlj8m99hlwh"
      },
      {
        "amount": 92842.056516,
        "baseAmount": 984.479105,
        "baseSymbol": "CWUSTC",
        "pairId": "cwlunc-cwustc",
        "price": 0.010603805451361789,
        "sourceContract": "terra1l7vy20x940je7lskm6x9s839vjsmekz9k9mv7g",
        "sourcePairId": "cwlunc-cwustc-ref-1",
        "sourceType": "reference",
        "timestamp": "2026-04-27T19:43:02Z",
        "tokenAmount": 92842.056516,
        "tokenSymbol": "CWLUNC",
        "txhash": "E468D38E31DB64E42326E2680BBAD7BE0D24C0CF2C54C24FB891F8CED9059890",
        "type": "SELL",
        "value": 984.479105,
        "wallet": "terra1q7a9kg5xusufjfjp3v8ghsc7urfrlj8m99hlwh"
      },
      {
        "amount": 1125694.843334,
        "baseAmount": 11957.448234,
        "baseSymbol": "CWUSTC",
        "pairId": "cwlunc-cwustc",
        "price": 0.010622282144053632,
        "sourceContract": "terra1l7vy20x940je7lskm6x9s839vjsmekz9k9mv7g",
        "sourcePairId": "cwlunc-cwustc-ref-1",
        "sourceType": "reference",
        "timestamp": "2026-04-27T19:42:56Z",
        "tokenAmount": 1125694.843334,
        "tokenSymbol": "CWLUNC",
        "txhash": "6584119884C0EA0E4604C318245761D793FEF63CFF230F6BF93E806F88324B4D",
        "type": "BUY",
        "value": 11957.448234,
        "wallet": "terra18p87gkyfx8pj3m4uzdvnskm6m385nhhw0qw94z"
      },
      {
        "amount": 6145.075887,
        "baseAmount": 64.789012,
        "baseSymbol": "CWUSTC",
        "pairId": "cwlunc-cwustc",
        "price": 0.010543240342574471,
        "sourceContract": "terra1m6ywlgn6wrjuagcmmezzz2a029gtldhey5k552",
        "sourcePairId": "cwlunc-cwustc-ref-2",
        "sourceType": "reference",
        "timestamp": "2026-04-27T19:42:39Z",
        "tokenAmount": 6145.075887,
        "tokenSymbol": "CWLUNC",
        "txhash": "88D4887F8B2B39C0B18096F0940CCFDFBDF6B89B3EE7CE1146231D43E0075CC0",
        "type": "SELL",
        "value": 64.789012,
        "wallet": "terra1m8zhrwfeusxpnashpucww7ytawg5xk38um860j"
      },
      {
        "amount": 19485.990732,
        "baseAmount": 206.005458,
        "baseSymbol": "CWUSTC",
        "pairId": "cwlunc-cwustc",
        "price": 0.010571977623991001,
        "sourceContract": "terra1l7vy20x940je7lskm6x9s839vjsmekz9k9mv7g",
        "sourcePairId": "cwlunc-cwustc-ref-1",
        "sourceType": "reference",
        "timestamp": "2026-04-27T19:38:28Z",
        "tokenAmount": 19485.990732,
        "tokenSymbol": "CWLUNC",
        "txhash": "E3E17E00749B8DF2F162F7C486BE279E6C1AC4D1A50193A62D2ADDD6034A9157",
        "type": "BUY",
        "value": 206.005458,
        "wallet": "terra1sh4w3stehf9eldkt6q4rj92298hwevrj3hmlfj"
      },
      {
        "amount": 21759.332189,
        "baseAmount": 230.0,
        "baseSymbol": "CWUSTC",
        "pairId": "cwlunc-cwustc",
        "price": 0.010570177338267392,
        "sourceContract": "terra1l7vy20x940je7lskm6x9s839vjsmekz9k9mv7g",
        "sourcePairId": "cwlunc-cwustc-ref-1",
        "sourceType": "reference",
        "timestamp": "2026-04-27T19:36:47Z",
        "tokenAmount": 21759.332189,
        "tokenSymbol": "CWLUNC",
        "txhash": "439B820D664380CC43FC2EAD5F57ED449024B01F14EAA6B0387FD85B945A4B03",
        "type": "BUY",
        "value": 230.0,
        "wallet": "terra1err4qfkneu02aln5gr0xrgs4usg5fz5hw0h56r"
      },
      {
        "amount": 1000.0,
        "baseAmount": 10.543377,
        "baseSymbol": "CWUSTC",
        "pairId": "cwlunc-cwustc",
        "price": 0.010543377,
        "sourceContract": "terra1m6ywlgn6wrjuagcmmezzz2a029gtldhey5k552",
        "sourcePairId": "cwlunc-cwustc-ref-2",
        "sourceType": "reference",
        "timestamp": "2026-04-27T19:24:54Z",
        "tokenAmount": 1000.0,
        "tokenSymbol": "CWLUNC",
        "txhash": "69CE1B3166FCFAD0D770A621655D855C41B1B783F36D543C89DD4C89921ECF69",
        "type": "SELL",
        "value": 10.543377,
        "wallet": "terra1nwhl78muwlmncmp40u8krj9257anhjq37h9h38"
      },
      {
        "amount": 19082.625053,
        "baseAmount": 201.672715,
        "baseSymbol": "CWUSTC",
        "pairId": "cwlunc-cwustc",
        "price": 0.01056839478006171,
        "sourceContract": "terra1l7vy20x940je7lskm6x9s839vjsmekz9k9mv7g",
        "sourcePairId": "cwlunc-cwustc-ref-1",
        "sourceType": "reference",
        "timestamp": "2026-04-27T19:22:31Z",
        "tokenAmount": 19082.625053,
        "tokenSymbol": "CWLUNC",
        "txhash": "952617C1D8057E50F977C579B7B25BF910DF330D77D758C3ED6BD9A42C699401",
        "type": "BUY",
        "value": 201.672715,
        "wallet": "terra1vkvpg3lmh5gaqm67vv8yh9fhmghmy3kgmavat8"
      },
      {
        "amount": 192948.808674,
        "baseAmount": 2037.377694,
        "baseSymbol": "CWUSTC",
        "pairId": "cwlunc-cwustc",
        "price": 0.010559161821218015,
        "sourceContract": "terra1l7vy20x940je7lskm6x9s839vjsmekz9k9mv7g",
        "sourcePairId": "cwlunc-cwustc-ref-1",
        "sourceType": "reference",
        "timestamp": "2026-04-27T19:20:52Z",
        "tokenAmount": 192948.808674,
        "tokenSymbol": "CWLUNC",
        "txhash": "85E9DF732B30FF95EA8F6627E2CA62945FBDEE44C85FFFE84F05816E0381CCE1",
        "type": "BUY",
        "value": 2037.377694,
        "wallet": "terra1ak9s7ugpaurevr7myydqa6yae7856wf3089neh"
      },
      {
        "amount": 193582.903335,
        "baseAmount": 2040.816326,
        "baseSymbol": "CWUSTC",
        "pairId": "cwlunc-cwustc",
        "price": 0.010542337628175339,
        "sourceContract": "terra1l7vy20x940je7lskm6x9s839vjsmekz9k9mv7g",
        "sourcePairId": "cwlunc-cwustc-ref-1",
        "sourceType": "reference",
        "timestamp": "2026-04-27T19:20:46Z",
        "tokenAmount": 193582.903335,
        "tokenSymbol": "CWLUNC",
        "txhash": "68896FA95BCD01FD707F1E25353DA51F408FF8CE07890727EDA696AF02F537C5",
        "type": "BUY",
        "value": 2040.816326,
        "wallet": "terra1ak9s7ugpaurevr7myydqa6yae7856wf3089neh"
      }
    ],
    "cwlunc-lunc": [
      {
        "amount": 123.0,
        "baseAmount": 123.0,
        "baseSymbol": "LUNC",
        "pairId": "cwlunc-lunc",
        "price": 1.0,
