{
  "pairs": {
    "amplunc-cwlunc": [
      {
        "amount": 9141.401395,
        "baseAmount": 12393.935249,
        "baseSymbol": "CWLUNC",
        "executionType": "direct",
        "pairId": "amplunc-cwlunc",
        "price": 1.3558025420237,
        "sourceContract": "terra12gkp648mkgj6esr5y6dwc2q4mftnfzk2pudka8",
        "sourcePairId": "amplunc-cwlunc-ref-1",
        "sourceType": "reference",
        "timestamp": "2026-06-04T02:08:03Z",
        "tokenAmount": 9141.401395,
        "tokenSymbol": "AMPLUNC",
        "txhash": "EE6C247558264EB2987D2D4BAE5DB6557B2A2111199E2683227384FC4A35CF4A",
        "type": "BUY",
        "value": 12393.935249,
        "wallet": "terra1q7a9kg5xusufjfjp3v8ghsc7urfrlj8m99hlwh"
      },
      {
        "amount": 8026.649743,
        "baseAmount": 10812.212129,
        "baseSymbol": "CWLUNC",
        "executionType": "direct",
        "pairId": "amplunc-cwlunc",
        "price": 1.3470392349472176,
        "sourceContract": "terra12gkp648mkgj6esr5y6dwc2q4mftnfzk2pudka8",
        "sourcePairId": "amplunc-cwlunc-ref-1",
        "sourceType": "reference",
        "timestamp": "2026-06-03T02:05:50Z",
        "tokenAmount": 8026.649743,
        "tokenSymbol": "AMPLUNC",
        "txhash": "0501476AE1B44142B3DFB7BC8A05C96A47E5713D35D3D7504C4716A8304B4C30",
        "type": "BUY",
        "value": 10812.212129,
        "wallet": "terra1q7a9kg5xusufjfjp3v8ghsc7urfrlj8m99hlwh"
      },
      {
        "amount": 1540.91312,
        "baseAmount": 2080.741512,
        "baseSymbol": "CWLUNC",
        "executionType": "direct",
        "pairId": "amplunc-cwlunc",
        "price": 1.3503301938268915,
        "sourceContract": "terra1r8k9pea8wmt93l703azhs82kpjva0cpq8tq5at",
        "sourcePairId": "amplunc-cwlunc-ref-3",
        "sourceType": "reference",
        "timestamp": "2026-06-01T07:13:00Z",
        "tokenAmount": 1540.91312,
        "tokenSymbol": "AMPLUNC",
        "txhash": "FF808933BD42009326C5CBE1263754DD659EA9F95D03CC1DAAFAAEB388BEEAF5",
        "type": "SELL",
        "value": 2080.741512,
        "wallet": "terra1ydeh9exz82qrzw82ycjr6n462u5ldt8m8qt4rh"
      },
      {
        "amount": 8056.792469,
        "baseAmount": 10787.304418,
        "baseSymbol": "CWLUNC",
        "executionType": "direct",
        "pairId": "amplunc-cwlunc",
        "price": 1.3389080654002383,
        "sourceContract": "terra12gkp648mkgj6esr5y6dwc2q4mftnfzk2pudka8",
        "sourcePairId": "amplunc-cwlunc-ref-1",
        "sourceType": "reference",
        "timestamp": "2026-05-31T14:52:38Z",
        "tokenAmount": 8056.792469,
        "tokenSymbol": "AMPLUNC",
        "txhash": "00043FEE970823278E2589ADFE5499DE58C175C8179340F9ED1F4948A60AB204",
        "type": "BUY",
        "value": 10787.304418,
        "wallet": "terra1q7a9kg5xusufjfjp3v8ghsc7urfrlj8m99hlwh"
      },
      {
        "amount": 18906.693641,
        "baseAmount": 25364.936983,
        "baseSymbol": "CWLUNC",
        "executionType": "direct",
        "pairId": "amplunc-cwlunc",
        "price": 1.3415850208729787,
        "sourceContract": "terra1fkhc5unv3x8dss2nkthv482um40fsx7hjqmmdnq3qrjdjzup3pesaa75hg",
        "sourcePairId": "amplunc-cwlunc",
        "sourceType": "primary",
        "timestamp": "2026-05-31T13:12:20Z",
        "tokenAmount": 18906.693641,
        "tokenSymbol": "AMPLUNC",
        "txhash": "9435059950C559D0AF5D47283D7F679B39E206A3D0B5E228060FB6114B100ACF",
        "type": "SELL",
        "value": 25364.936983,
        "wallet": "terra1nynrxdccq0r9ghrz0sq7tjkkh8wug0ggg4lkzsags8r9dyhf7ypqx5gsr8"
      },
      {
        "amount": 7403.187382,
        "baseAmount": 10011.859358,
        "baseSymbol": "CWLUNC",
        "executionType": "direct",
        "pairId": "amplunc-cwlunc",
        "price": 1.3523714639916702,
        "sourceContract": "terra1r8k9pea8wmt93l703azhs82kpjva0cpq8tq5at",
        "sourcePairId": "amplunc-cwlunc-ref-3",
        "sourceType": "reference",
        "timestamp": "2026-05-31T08:08:43Z",
        "tokenAmount": 7403.187382,
        "tokenSymbol": "AMPLUNC",
        "txhash": "D364E9157D89811EA747C653026C858C7405DE86BB16F60144139412BFCD6419",
        "type": "BUY",
        "value": 10011.859358,
        "wallet": "terra1q7a9kg5xusufjfjp3v8ghsc7urfrlj8m99hlwh"
      },
      {
        "amount": 8233.587077,
        "baseAmount": 11113.272192,
        "baseSymbol": "CWLUNC",
        "executionType": "direct",
        "pairId": "amplunc-cwlunc",
        "price": 1.349748546783967,
        "sourceContract": "terra12gkp648mkgj6esr5y6dwc2q4mftnfzk2pudka8",
        "sourcePairId": "amplunc-cwlunc-ref-1",
        "sourceType": "reference",
        "timestamp": "2026-05-31T04:09:45Z",
        "tokenAmount": 8233.587077,
        "tokenSymbol": "AMPLUNC",
        "txhash": "56E9EF4E72BC948E72FD442DE13D23035F7B99EC35A0283814A90893EE9597E5",
        "type": "BUY",
        "value": 11113.272192,
        "wallet": "terra1q7a9kg5xusufjfjp3v8ghsc7urfrlj8m99hlwh"
      },
      {
        "amount": 8580.209429,
        "baseAmount": 11507.987923,
        "baseSymbol": "CWLUNC",
        "executionType": "direct",
        "pairId": "amplunc-cwlunc",
        "price": 1.3412245957662159,
        "sourceContract": "terra12gkp648mkgj6esr5y6dwc2q4mftnfzk2pudka8",
        "sourcePairId": "amplunc-cwlunc-ref-1",
        "sourceType": "reference",
        "timestamp": "2026-05-29T11:27:01Z",
        "tokenAmount": 8580.209429,
        "tokenSymbol": "AMPLUNC",
        "txhash": "0DC2190AFA0981CEF24A2A4C4AEA4C114D5316E43921B626F13205FFE07ABC9B",
        "type": "BUY",
        "value": 11507.987923,
        "wallet": "terra1q7a9kg5xusufjfjp3v8ghsc7urfrlj8m99hlwh"
      },
      {
        "amount": 6883.504268,
        "baseAmount": 9207.604283,
        "baseSymbol": "CWLUNC",
        "executionType": "direct",
        "pairId": "amplunc-cwlunc",
        "price": 1.3376332641797384,
        "sourceContract": "terra1r8k9pea8wmt93l703azhs82kpjva0cpq8tq5at",
        "sourcePairId": "amplunc-cwlunc-ref-3",
        "sourceType": "reference",
        "timestamp": "2026-05-29T11:16:45Z",
        "tokenAmount": 6883.504268,
        "tokenSymbol": "AMPLUNC",
        "txhash": "30F4084E4C5C205983019E3CD633E9139ABCF625AC79A5170E8A9B1954316F7B",
        "type": "BUY",
        "value": 9207.604283,
        "wallet": "terra1q7a9kg5xusufjfjp3v8ghsc7urfrlj8m99hlwh"
      },
      {
        "amount": 8629.253285,
        "baseAmount": 11499.195285,
        "baseSymbol": "CWLUNC",
        "executionType": "direct",
        "pairId": "amplunc-cwlunc",
        "price": 1.332582890455741,
        "sourceContract": "terra12gkp648mkgj6esr5y6dwc2q4mftnfzk2pudka8",
        "sourcePairId": "amplunc-cwlunc-ref-1",
        "sourceType": "reference",
        "timestamp": "2026-05-29T10:38:14Z",
        "tokenAmount": 8629.253285,
        "tokenSymbol": "AMPLUNC",
        "txhash": "60F96FB409FCA5818A0F6517282CF17CEE3452AD1660429E0A51F23E28CFCD41",
        "type": "BUY",
        "value": 11499.195285,
        "wallet": "terra1g3zc8lwwmkrm0cz9wkgl849pdqaw6cq8lh7872"
      },
      {
        "amount": 7330.578111,
        "baseAmount": 9710.3849,
        "baseSymbol": "CWLUNC",
        "executionType": "direct",
        "pairId": "amplunc-cwlunc",
        "price": 1.3246410791843208,
        "sourceContract": "terra12gkp648mkgj6esr5y6dwc2q4mftnfzk2pudka8",
        "sourcePairId": "amplunc-cwlunc-ref-1",
        "sourceType": "reference",
        "timestamp": "2026-05-29T09:42:57Z",
        "tokenAmount": 7330.578111,
        "tokenSymbol": "AMPLUNC",
        "txhash": "828F70D2E185D9ABBBD53E65CDCB17FCD5AD7BE6E138DEC82048D007EF7A384C",
        "type": "BUY",
        "value": 9710.3849,
        "wallet": "terra1q7a9kg5xusufjfjp3v8ghsc7urfrlj8m99hlwh"
      },
      {
        "amount": 10000.0,
        "baseAmount": 13264.788738,
        "baseSymbol": "CWLUNC",
        "executionType": "direct",
        "pairId": "amplunc-cwlunc",
        "price": 1.3264788738,
        "sourceContract": "terra132qwlqxffksjfg6ntzp4m5786lrlmgrufzx5c6",
        "sourcePairId": "amplunc-cwlunc-ref-2",
        "sourceType": "reference",
        "timestamp": "2026-05-28T20:46:23Z",
        "tokenAmount": 10000.0,
        "tokenSymbol": "AMPLUNC",
        "txhash": "5F5F797277DE594B41BF7E03238B500FBF11A692950D6D75EA4B2A4920C5A6F2",
        "type": "SELL",
        "value": 13264.788738,
        "wallet": "terra1gqen4nmatzkgemacvzvhcrmdm9dxp955ent90w"
      },
      {
        "amount": 4400.0,
        "baseAmount": 5847.181588,
        "baseSymbol": "CWLUNC",
        "executionType": "direct",
        "pairId": "amplunc-cwlunc",
        "price": 1.3289049063636365,
        "sourceContract": "terra132qwlqxffksjfg6ntzp4m5786lrlmgrufzx5c6",
        "sourcePairId": "amplunc-cwlunc-ref-2",
        "sourceType": "reference",
        "timestamp": "2026-05-28T20:45:41Z",
        "tokenAmount": 4400.0,
        "tokenSymbol": "AMPLUNC",
        "txhash": "BD057C1D51795543559AA697BB87A1964C97A3E2EC3E49AFCCE2485D4833DF0D",
        "type": "SELL",
        "value": 5847.181588,
        "wallet": "terra1gqen4nmatzkgemacvzvhcrmdm9dxp955ent90w"
      },
      {
        "amount": 5681.978148,
        "baseAmount": 7476.772611,
        "baseSymbol": "CWLUNC",
        "executionType": "direct",
        "pairId": "amplunc-cwlunc",
        "price": 1.3158749323299932,
        "sourceContract": "terra12gkp648mkgj6esr5y6dwc2q4mftnfzk2pudka8",
        "sourcePairId": "amplunc-cwlunc-ref-1",
        "sourceType": "reference",
        "timestamp": "2026-05-28T20:44:54Z",
        "tokenAmount": 5681.978148,
        "tokenSymbol": "AMPLUNC",
        "txhash": "3A524751C20DD895FAD5C9CEA00DCA811E15AE8A37F267531ACF622F189F6311",
        "type": "SELL",
        "value": 7476.772611,
        "wallet": "terra1g3zc8lwwmkrm0cz9wkgl849pdqaw6cq8lh7872"
      },
      {
        "amount": 3109.088978,
        "baseAmount": 4104.610525,
        "baseSymbol": "CWLUNC",
        "executionType": "direct",
        "pairId": "amplunc-cwlunc",
        "price": 1.3201971876792005,
        "sourceContract": "terra12gkp648mkgj6esr5y6dwc2q4mftnfzk2pudka8",
        "sourcePairId": "amplunc-cwlunc-ref-1",
        "sourceType": "reference",
        "timestamp": "2026-05-27T09:21:40Z",
        "tokenAmount": 3109.088978,
        "tokenSymbol": "AMPLUNC",
        "txhash": "570F657D67324EA188156D0D54D9934664F091C76A29CE1D9A76D9AEF402EF52",
        "type": "SELL",
        "value": 4104.610525,
        "wallet": "terra1zafpjz7h4x9cd8n5rf9lxz7tru352taxtl8jeu"
      },
      {
        "amount": 4823.665669,
        "baseAmount": 6387.0848,
        "baseSymbol": "CWLUNC",
        "executionType": "direct",
        "pairId": "amplunc-cwlunc",
        "price": 1.3241143226504157,
        "sourceContract": "terra12gkp648mkgj6esr5y6dwc2q4mftnfzk2pudka8",
        "sourcePairId": "amplunc-cwlunc-ref-1",
        "sourceType": "reference",
        "timestamp": "2026-05-27T09:20:17Z",
        "tokenAmount": 4823.665669,
        "tokenSymbol": "AMPLUNC",
        "txhash": "2A7DED7B3619F03152C8973CFB59354472FAB63F5E8C4ED7D38590D40479D0DB",
        "type": "SELL",
        "value": 6387.0848,
        "wallet": "terra1zafpjz7h4x9cd8n5rf9lxz7tru352taxtl8jeu"
      },
      {
        "amount": 6699.97427,
        "baseAmount": 8906.886544,
        "baseSymbol": "CWLUNC",
        "executionType": "direct",
        "pairId": "amplunc-cwlunc",
        "price": 1.3293911566021583,
        "sourceContract": "terra1r8k9pea8wmt93l703azhs82kpjva0cpq8tq5at",
        "sourcePairId": "amplunc-cwlunc-ref-3",
        "sourceType": "reference",
        "timestamp": "2026-05-27T00:34:53Z",
        "tokenAmount": 6699.97427,
        "tokenSymbol": "AMPLUNC",
        "txhash": "C3A2CFA8D4294C037C5D6782A3FCDD40C5A1C548B119B13250CA5431D7D6AEA5",
        "type": "SELL",
        "value": 8906.886544,
        "wallet": "terra1q7a9kg5xusufjfjp3v8ghsc7urfrlj8m99hlwh"
      },
      {
        "amount": 7412.097704,
        "baseAmount": 9859.50625,
        "baseSymbol": "CWLUNC",
        "executionType": "direct",
        "pairId": "amplunc-cwlunc",
        "price": 1.3301910800068428,
        "sourceContract": "terra12gkp648mkgj6esr5y6dwc2q4mftnfzk2pudka8",
        "sourcePairId": "amplunc-cwlunc-ref-1",
        "sourceType": "reference",
        "timestamp": "2026-05-26T14:04:04Z",
        "tokenAmount": 7412.097704,
        "tokenSymbol": "AMPLUNC",
        "txhash": "63F5B48AA9EAF83AEA3F59BCD466B0A954CBE5FC44D67C7F6973A679465C171E",
        "type": "SELL",
        "value": 9859.50625,
        "wallet": "terra1q7a9kg5xusufjfjp3v8ghsc7urfrlj8m99hlwh"
      },
      {
        "amount": 6389.021911,
        "baseAmount": 8578.906097,
        "baseSymbol": "CWLUNC",
        "executionType": "direct",
        "pairId": "amplunc-cwlunc",
        "price": 1.3427573447869492,
        "sourceContract": "terra1r8k9pea8wmt93l703azhs82kpjva0cpq8tq5at",
        "sourcePairId": "amplunc-cwlunc-ref-3",
        "sourceType": "reference",
        "timestamp": "2026-05-25T10:49:14Z",
        "tokenAmount": 6389.021911,
        "tokenSymbol": "AMPLUNC",
        "txhash": "7A251583DE9E8FF8CECD2687290C58D1A0393BFA4F281E0330121675CE1E4C7B",
        "type": "SELL",
        "value": 8578.906097,
        "wallet": "terra1q7a9kg5xusufjfjp3v8ghsc7urfrlj8m99hlwh"
      },
      {
        "amount": 9572.348558,
        "baseAmount": 12814.470242,
        "baseSymbol": "CWLUNC",
        "executionType": "direct",
        "pairId": "amplunc-cwlunc",
        "price": 1.3386965763266556,
        "sourceContract": "terra12gkp648mkgj6esr5y6dwc2q4mftnfzk2pudka8",
        "sourcePairId": "amplunc-cwlunc-ref-1",
        "sourceType": "reference",
        "timestamp": "2026-05-25T05:19:31Z",
        "tokenAmount": 9572.348558,
        "tokenSymbol": "AMPLUNC",
        "txhash": "28B19C244428AFC29988DA781D05E69DD8EDAE80C24050994E91D0E50424BC4A",
        "type": "SELL",
        "value": 12814.470242,
        "wallet": "terra1g3zc8lwwmkrm0cz9wkgl849pdqaw6cq8lh7872"
      },
      {
        "amount": 1530.614865,
        "baseAmount": 2057.609746,
        "baseSymbol": "CWLUNC",
        "executionType": "direct",
        "pairId": "amplunc-cwlunc",
        "price": 1.3443027328759152,
        "sourceContract": "terra12gkp648mkgj6esr5y6dwc2q4mftnfzk2pudka8",
        "sourcePairId": "amplunc-cwlunc-ref-1",
        "sourceType": "reference",
        "timestamp": "2026-05-24T00:18:28Z",
        "tokenAmount": 1530.614865,
        "tokenSymbol": "AMPLUNC",
        "txhash": "DDAD153A3CEEB6F6DF646C0E769AC304A8A51A75B49854F4F7790D346B54098E",
        "type": "SELL",
        "value": 2057.609746,
        "wallet": "terra1g3zc8lwwmkrm0cz9wkgl849pdqaw6cq8lh7872"
      },
      {
        "amount": 7691.535541,
        "baseAmount": 10375.746858,
        "baseSymbol": "CWLUNC",
        "executionType": "direct",
        "pairId": "amplunc-cwlunc",
        "price": 1.3489825019583823,
        "sourceContract": "terra12gkp648mkgj6esr5y6dwc2q4mftnfzk2pudka8",
        "sourcePairId": "amplunc-cwlunc-ref-1",
        "sourceType": "reference",
        "timestamp": "2026-05-23T14:19:32Z",
        "tokenAmount": 7691.535541,
        "tokenSymbol": "AMPLUNC",
        "txhash": "9B71C678A8DAF281460C07D01B4757A5C3E526E8F478870E543CD182F929D5BC",
        "type": "SELL",
        "value": 10375.746858,
        "wallet": "terra1q7a9kg5xusufjfjp3v8ghsc7urfrlj8m99hlwh"
      },
      {
        "amount": 1588.674065,
        "baseAmount": 2150.620535,
        "baseSymbol": "CWLUNC",
        "executionType": "direct",
        "pairId": "amplunc-cwlunc",
        "price": 1.3537204278588133,
        "sourceContract": "terra12gkp648mkgj6esr5y6dwc2q4mftnfzk2pudka8",
        "sourcePairId": "amplunc-cwlunc-ref-1",
        "sourceType": "reference",
        "timestamp": "2026-05-22T21:26:46Z",
        "tokenAmount": 1588.674065,
        "tokenSymbol": "AMPLUNC",
        "txhash": "C681DF49BFE451016E25791491CBFFCA584D625F4A394C6829863F1163E878EF",
        "type": "SELL",
        "value": 2150.620535,
        "wallet": "terra1ydeh9exz82qrzw82ycjr6n462u5ldt8m8qt4rh"
      },
      {
        "amount": 1108.917406,
        "baseAmount": 1510.486062,
        "baseSymbol": "CWLUNC",
        "executionType": "direct",
        "pairId": "amplunc-cwlunc",
        "price": 1.3621267497716596,
        "sourceContract": "terra12gkp648mkgj6esr5y6dwc2q4mftnfzk2pudka8",
        "sourcePairId": "amplunc-cwlunc-ref-1",
        "sourceType": "reference",
        "timestamp": "2026-05-22T09:55:29Z",
        "tokenAmount": 1108.917406,
        "tokenSymbol": "AMPLUNC",
        "txhash": "E2113947D86FD633F0F2767F9DCFFC2277AC55AB1438E45248DC24D70F8319BD",
        "type": "BUY",
        "value": 1510.486062,
        "wallet": "terra1g3zc8lwwmkrm0cz9wkgl849pdqaw6cq8lh7872"
      },
      {
        "amount": 541.836989,
        "baseAmount": 733.470117,
        "baseSymbol": "CWLUNC",
        "executionType": "direct",
        "pairId": "amplunc-cwlunc",
        "price": 1.3536730269258157,
        "sourceContract": "terra12gkp648mkgj6esr5y6dwc2q4mftnfzk2pudka8",
        "sourcePairId": "amplunc-cwlunc-ref-1",
        "sourceType": "reference",
        "timestamp": "2026-05-20T23:48:43Z",
        "tokenAmount": 541.836989,
        "tokenSymbol": "AMPLUNC",
        "txhash": "43F69DC083B7CD31AFE16B2F78BB1F26BE0D93B706D37AC37AF1F81740080E0E",
        "type": "SELL",
        "value": 733.470117,
        "wallet": "terra1g3zc8lwwmkrm0cz9wkgl849pdqaw6cq8lh7872"
      },
      {
        "amount": 3675.880758,
        "baseAmount": 5000.0,
        "baseSymbol": "CWLUNC",
        "executionType": "direct",
        "pairId": "amplunc-cwlunc",
        "price": 1.360218225011313,
        "sourceContract": "terra12gkp648mkgj6esr5y6dwc2q4mftnfzk2pudka8",
        "sourcePairId": "amplunc-cwlunc-ref-1",
        "sourceType": "reference",
        "timestamp": "2026-05-20T15:03:34Z",
        "tokenAmount": 3675.880758,
        "tokenSymbol": "AMPLUNC",
        "txhash": "97A6066EF53F74A0199C44034F0B8CBEE818DF9C09E8DD4DECDE9C14BFFD7B7A",
        "type": "BUY",
        "value": 5000.0,
        "wallet": "terra1g3zc8lwwmkrm0cz9wkgl849pdqaw6cq8lh7872"
      },
      {
        "amount": 8830.496186,
        "baseAmount": 11954.750194,
        "baseSymbol": "CWLUNC",
        "executionType": "direct",
        "pairId": "amplunc-cwlunc",
        "price": 1.3538027696510688,
        "sourceContract": "terra12gkp648mkgj6esr5y6dwc2q4mftnfzk2pudka8",
        "sourcePairId": "amplunc-cwlunc-ref-1",
        "sourceType": "reference",
        "timestamp": "2026-05-18T15:41:05Z",
        "tokenAmount": 8830.496186,
        "tokenSymbol": "AMPLUNC",
        "txhash": "3139F9952859EF5C803973B70DFC9B7601731CDF5507C6047038404EA6550720",
        "type": "BUY",
        "value": 11954.750194,
        "wallet": "terra1g3zc8lwwmkrm0cz9wkgl849pdqaw6cq8lh7872"
      },
      {
        "amount": 8048.803611,
        "baseAmount": 10827.804254,
        "baseSymbol": "CWLUNC",
        "executionType": "direct",
        "pairId": "amplunc-cwlunc",
        "price": 1.345268784941161,
        "sourceContract": "terra12gkp648mkgj6esr5y6dwc2q4mftnfzk2pudka8",
        "sourcePairId": "amplunc-cwlunc-ref-1",
        "sourceType": "reference",
        "timestamp": "2026-05-18T15:39:26Z",
        "tokenAmount": 8048.803611,
        "tokenSymbol": "AMPLUNC",
        "txhash": "90388EDB0E17145937F0B52D15D9362FDC1CECF5773E382B72B5850874AE133C",
        "type": "SELL",
        "value": 10827.804254,
        "wallet": "terra1ydeh9exz82qrzw82ycjr6n462u5ldt8m8qt4rh"
      },
      {
        "amount": 7110.750932,
        "baseAmount": 9647.557934,
        "baseSymbol": "CWLUNC",
        "executionType": "direct",
        "pairId": "amplunc-cwlunc",
        "price": 1.3567565544426246,
        "sourceContract": "terra1r8k9pea8wmt93l703azhs82kpjva0cpq8tq5at",
        "sourcePairId": "amplunc-cwlunc-ref-3",
        "sourceType": "reference",
        "timestamp": "2026-05-17T02:12:55Z",
        "tokenAmount": 7110.750932,
        "tokenSymbol": "AMPLUNC",
        "txhash": "22A33356958B387D5DB9C8DAD395B53F5261F344328718D816341D34675C3EE0",
        "type": "SELL",
        "value": 9647.557934,
        "wallet": "terra1ydeh9exz82qrzw82ycjr6n462u5ldt8m8qt4rh"
      },
      {
        "amount": 8130.17508,
        "baseAmount": 11004.253027,
        "baseSymbol": "CWLUNC",
        "executionType": "direct",
        "pairId": "amplunc-cwlunc",
        "price": 1.3535075098284355,
        "sourceContract": "terra12gkp648mkgj6esr5y6dwc2q4mftnfzk2pudka8",
        "sourcePairId": "amplunc-cwlunc-ref-1",
        "sourceType": "reference",
        "timestamp": "2026-05-17T00:07:37Z",
        "tokenAmount": 8130.17508,
        "tokenSymbol": "AMPLUNC",
        "txhash": "9A584D04713B5AAB8FA876CBA79170357A1A0F68A4E71EEA5430624D1F4AFE40",
        "type": "SELL",
        "value": 11004.253027,
        "wallet": "terra1ydeh9exz82qrzw82ycjr6n462u5ldt8m8qt4rh"
      },
      {
        "amount": 6268.490414,
        "baseAmount": 8378.439729,
        "baseSymbol": "CWLUNC",
        "executionType": "direct",
        "pairId": "amplunc-cwlunc",
        "price": 1.336596082254135,
        "sourceContract": "terra132qwlqxffksjfg6ntzp4m5786lrlmgrufzx5c6",
        "sourcePairId": "amplunc-cwlunc-ref-2",
        "sourceType": "reference",
        "timestamp": "2026-05-17T00:02:27Z",
        "tokenAmount": 6268.490414,
        "tokenSymbol": "AMPLUNC",
        "txhash": "20660B5C9B5A7637F8BACCBB1B59017BECAE9D3BE7D68B92DD43BC69A1C7BB0C",
        "type": "BUY",
        "value": 8378.439729,
        "wallet": "terra1ydeh9exz82qrzw82ycjr6n462u5ldt8m8qt4rh"
      },
      {
        "amount": 7499.968759,
        "baseAmount": 10211.499106,
        "baseSymbol": "CWLUNC",
        "executionType": "direct",
        "pairId": "amplunc-cwlunc",
        "price": 1.3615388855781765,
        "sourceContract": "terra12gkp648mkgj6esr5y6dwc2q4mftnfzk2pudka8",
        "sourcePairId": "amplunc-cwlunc-ref-1",
        "sourceType": "reference",
        "timestamp": "2026-05-16T23:48:16Z",
        "tokenAmount": 7499.968759,
        "tokenSymbol": "AMPLUNC",
        "txhash": "C4351D8D7F420396EF4C26E1D594BF7C3F19032E776E19CD0546DAF09AFDFF28",
        "type": "SELL",
        "value": 10211.499106,
        "wallet": "terra1q7a9kg5xusufjfjp3v8ghsc7urfrlj8m99hlwh"
      },
      {
        "amount": 7839.166276,
        "baseAmount": 10459.011479,
        "baseSymbol": "CWLUNC",
        "executionType": "direct",
        "pairId": "amplunc-cwlunc",
        "price": 1.3341994685099088,
        "sourceContract": "terra132qwlqxffksjfg6ntzp4m5786lrlmgrufzx5c6",
        "sourcePairId": "amplunc-cwlunc-ref-2",
        "sourceType": "reference",
        "timestamp": "2026-05-16T19:22:24Z",
        "tokenAmount": 7839.166276,
        "tokenSymbol": "AMPLUNC",
        "txhash": "833EA883549334C1D7EC4CEBF55168D8F3595DF7A94C4D17D12C2028CCCA78FD",
        "type": "BUY",
        "value": 10459.011479,
        "wallet": "terra1ydeh9exz82qrzw82ycjr6n462u5ldt8m8qt4rh"
      },
      {
        "amount": 7846.065598,
        "baseAmount": 10745.140091,
        "baseSymbol": "CWLUNC",
        "executionType": "direct",
        "pairId": "amplunc-cwlunc",
        "price": 1.369494042178157,
        "sourceContract": "terra12gkp648mkgj6esr5y6dwc2q4mftnfzk2pudka8",
        "sourcePairId": "amplunc-cwlunc-ref-1",
        "sourceType": "reference",
        "timestamp": "2026-05-16T19:21:02Z",
        "tokenAmount": 7846.065598,
        "tokenSymbol": "AMPLUNC",
        "txhash": "90E1563FEBE0A96C7EF816C39CECD1A7D1C3F2630B18A562CDAB4F93855E6D31",
        "type": "SELL",
        "value": 10745.140091,
        "wallet": "terra1ydeh9exz82qrzw82ycjr6n462u5ldt8m8qt4rh"
      },
      {
        "amount": 9902.69554,
        "baseAmount": 13632.760808,
        "baseSymbol": "CWLUNC",
        "executionType": "direct",
        "pairId": "amplunc-cwlunc",
        "price": 1.3766717105391286,
        "sourceContract": "terra12gkp648mkgj6esr5y6dwc2q4mftnfzk2pudka8",
        "sourcePairId": "amplunc-cwlunc-ref-1",
        "sourceType": "reference",
        "timestamp": "2026-05-16T11:40:23Z",
        "tokenAmount": 9902.69554,
        "tokenSymbol": "AMPLUNC",
        "txhash": "CC1603DC6056B2E9F2AF8309A566332EB889DDC9CC02E75EED66949E8CE21148",
        "type": "BUY",
        "value": 13632.760808,
        "wallet": "terra1q7a9kg5xusufjfjp3v8ghsc7urfrlj8m99hlwh"
      },
      {
        "amount": 10817.110198,
        "baseAmount": 14807.205626,
        "baseSymbol": "CWLUNC",
        "executionType": "direct",
        "pairId": "amplunc-cwlunc",
        "price": 1.3688688896538872,
        "sourceContract": "terra12gkp648mkgj6esr5y6dwc2q4mftnfzk2pudka8",
        "sourcePairId": "amplunc-cwlunc-ref-1",
        "sourceType": "reference",
        "timestamp": "2026-05-16T10:50:29Z",
        "tokenAmount": 10817.110198,
        "tokenSymbol": "AMPLUNC",
        "txhash": "001018A1F6A517012CF769C9F4DE9ED306278441CAA5408C986854EFC389048C",
        "type": "SELL",
        "value": 14807.205626,
        "wallet": "terra1ydeh9exz82qrzw82ycjr6n462u5ldt8m8qt4rh"
      },
      {
        "amount": 8167.535725,
        "baseAmount": 10844.931711,
        "baseSymbol": "CWLUNC",
        "executionType": "direct",
        "pairId": "amplunc-cwlunc",
        "price": 1.327809522498293,
        "sourceContract": "terra132qwlqxffksjfg6ntzp4m5786lrlmgrufzx5c6",
        "sourcePairId": "amplunc-cwlunc-ref-2",
        "sourceType": "reference",
        "timestamp": "2026-05-16T10:48:26Z",
        "tokenAmount": 8167.535725,
        "tokenSymbol": "AMPLUNC",
        "txhash": "073555708611EE91B19B7F4390C95A76C0CD0C13AD65BB2B846B59356DAD3555",
        "type": "BUY",
        "value": 10844.931711,
        "wallet": "terra1ydeh9exz82qrzw82ycjr6n462u5ldt8m8qt4rh"
      },
      {
        "amount": 10854.02703,
        "baseAmount": 14980.886513,
        "baseSymbol": "CWLUNC",
        "executionType": "direct",
        "pairId": "amplunc-cwlunc",
        "price": 1.3802145942324966,
        "sourceContract": "terra12gkp648mkgj6esr5y6dwc2q4mftnfzk2pudka8",
        "sourcePairId": "amplunc-cwlunc-ref-1",
        "sourceType": "reference",
        "timestamp": "2026-05-16T10:47:50Z",
        "tokenAmount": 10854.02703,
        "tokenSymbol": "AMPLUNC",
        "txhash": "EAAA5B4B604AEBF863FBFDB9115F45C31EE190BD37EEA70B38CC90C3C80BFAD5",
        "type": "SELL",
        "value": 14980.886513,
        "wallet": "terra1ydeh9exz82qrzw82ycjr6n462u5ldt8m8qt4rh"
      },
      {
        "amount": 10533.643134,
        "baseAmount": 14658.09875,
        "baseSymbol": "CWLUNC",
        "executionType": "direct",
        "pairId": "amplunc-cwlunc",
        "price": 1.3915507259484874,
        "sourceContract": "terra12gkp648mkgj6esr5y6dwc2q4mftnfzk2pudka8",
        "sourcePairId": "amplunc-cwlunc-ref-1",
        "sourceType": "reference",
        "timestamp": "2026-05-16T10:47:32Z",
        "tokenAmount": 10533.643134,
        "tokenSymbol": "AMPLUNC",
        "txhash": "CFA5F91A7F4C3FC556304474E36E874833A74A7455B04C0B982D7D4B85AB84AB",
        "type": "SELL",
        "value": 14658.09875,
        "wallet": "terra1q7a9kg5xusufjfjp3v8ghsc7urfrlj8m99hlwh"
      },
      {
        "amount": 26035.513264,
        "baseAmount": 36743.320978,
        "baseSymbol": "CWLUNC",
        "executionType": "direct",
        "pairId": "amplunc-cwlunc",
        "price": 1.4112769971316823,
        "sourceContract": "terra12gkp648mkgj6esr5y6dwc2q4mftnfzk2pudka8",
        "sourcePairId": "amplunc-cwlunc-ref-1",
        "sourceType": "reference",
        "timestamp": "2026-05-16T10:47:26Z",
        "tokenAmount": 26035.513264,
        "tokenSymbol": "AMPLUNC",
        "txhash": "05A17AFE51B09FCA940B839ECAB565EDBEE59050690909B569694FAA31EBCAD8",
        "type": "SELL",
        "value": 36743.320978,
        "wallet": "terra1q7a9kg5xusufjfjp3v8ghsc7urfrlj8m99hlwh"
      },
      {
        "amount": 71669.444164,
        "baseAmount": 100000.0,
        "baseSymbol": "CWLUNC",
        "executionType": "direct",
        "pairId": "amplunc-cwlunc",
        "price": 1.3952947614770341,
        "sourceContract": "terra12gkp648mkgj6esr5y6dwc2q4mftnfzk2pudka8",
        "sourcePairId": "amplunc-cwlunc-ref-1",
        "sourceType": "reference",
        "timestamp": "2026-05-16T10:47:20Z",
        "tokenAmount": 71669.444164,
        "tokenSymbol": "AMPLUNC",
        "txhash": "758E796CCDCDF79FB25E0351768B043912CC48543A34CD071126AE8153A8305D",
        "type": "BUY",
        "value": 100000.0,
        "wallet": "terra1zafpjz7h4x9cd8n5rf9lxz7tru352taxtl8jeu"
      },
      {
        "amount": 9313.079845,
        "baseAmount": 12597.093408,
        "baseSymbol": "CWLUNC",
        "executionType": "direct",
        "pairId": "amplunc-cwlunc",
        "price": 1.352623795528084,
        "sourceContract": "terra12gkp648mkgj6esr5y6dwc2q4mftnfzk2pudka8",
        "sourcePairId": "amplunc-cwlunc-ref-1",
        "sourceType": "reference",
        "timestamp": "2026-05-15T23:18:51Z",
        "tokenAmount": 9313.079845,
        "tokenSymbol": "AMPLUNC",
        "txhash": "6D3DC8B621CD98A05F0670BE5A4C4948E1D1833487F48B3A3E022973C8D68530",
        "type": "BUY",
        "value": 12597.093408,
        "wallet": "terra1g3zc8lwwmkrm0cz9wkgl849pdqaw6cq8lh7872"
      },
      {
        "amount": 19185.777618,
        "baseAmount": 25674.315176,
        "baseSymbol": "CWLUNC",
        "executionType": "direct",
        "pairId": "amplunc-cwlunc",
        "price": 1.3381951822433555,
        "sourceContract": "terra12gkp648mkgj6esr5y6dwc2q4mftnfzk2pudka8",
        "sourcePairId": "amplunc-cwlunc-ref-1",
        "sourceType": "reference",
        "timestamp": "2026-05-15T23:17:46Z",
        "tokenAmount": 19185.777618,
        "tokenSymbol": "AMPLUNC",
        "txhash": "844E3A7B297419D8765E329BC027D45CAB9F26078B1C83192F1BF470A8BABCC4",
        "type": "BUY",
        "value": 25674.315176,
        "wallet": "terra1g3zc8lwwmkrm0cz9wkgl849pdqaw6cq8lh7872"
      },
      {
        "amount": 3150.410911,
        "baseAmount": 4180.603371,
        "baseSymbol": "CWLUNC",
        "executionType": "direct",
        "pairId": "amplunc-cwlunc",
        "price": 1.3270025685865205,
        "sourceContract": "terra12gkp648mkgj6esr5y6dwc2q4mftnfzk2pudka8",
        "sourcePairId": "amplunc-cwlunc-ref-1",
        "sourceType": "reference",
        "timestamp": "2026-05-15T19:50:57Z",
        "tokenAmount": 3150.410911,
        "tokenSymbol": "AMPLUNC",
        "txhash": "F34D35FC6CAF008B11A04FFE442295CDA12E80826E4302F185C35702558D8C8F",
        "type": "BUY",
        "value": 4180.603371,
        "wallet": "terra1g3zc8lwwmkrm0cz9wkgl849pdqaw6cq8lh7872"
      },
      {
        "amount": 7996.843362,
        "baseAmount": 10611.411883,
        "baseSymbol": "CWLUNC",
        "executionType": "direct",
        "pairId": "amplunc-cwlunc",
        "price": 1.326950073003068,
        "sourceContract": "terra1r8k9pea8wmt93l703azhs82kpjva0cpq8tq5at",
        "sourcePairId": "amplunc-cwlunc-ref-3",
        "sourceType": "reference",
        "timestamp": "2026-05-15T02:37:51Z",
        "tokenAmount": 7996.843362,
        "tokenSymbol": "AMPLUNC",
        "txhash": "0F960D6708262A9E9325DAFED62844E0D074836E5AD13FAB6D1FFE3A7A36A49F",
        "type": "BUY",
        "value": 10611.411883,
        "wallet": "terra1q7a9kg5xusufjfjp3v8ghsc7urfrlj8m99hlwh"
      },
      {
        "amount": 8319.424727,
        "baseAmount": 10992.71171,
        "baseSymbol": "CWLUNC",
        "executionType": "direct",
        "pairId": "amplunc-cwlunc",
        "price": 1.3213307495077238,
        "sourceContract": "terra12gkp648mkgj6esr5y6dwc2q4mftnfzk2pudka8",
        "sourcePairId": "amplunc-cwlunc-ref-1",
        "sourceType": "reference",
        "timestamp": "2026-05-14T01:55:54Z",
        "tokenAmount": 8319.424727,
        "tokenSymbol": "AMPLUNC",
        "txhash": "C462D4ADA7A38FFD96DBB5018D03B25073C1D9A4F35A153CCFA215827AC64845",
        "type": "BUY",
        "value": 10992.71171,
        "wallet": "terra1q7a9kg5xusufjfjp3v8ghsc7urfrlj8m99hlwh"
      },
      {
        "amount": 7877.946845,
        "baseAmount": 10346.682813,
        "baseSymbol": "CWLUNC",
        "executionType": "direct",
        "pairId": "amplunc-cwlunc",
        "price": 1.313373016672087,
        "sourceContract": "terra12gkp648mkgj6esr5y6dwc2q4mftnfzk2pudka8",
        "sourcePairId": "amplunc-cwlunc-ref-1",
        "sourceType": "reference",
        "timestamp": "2026-05-14T01:01:01Z",
        "tokenAmount": 7877.946845,
        "tokenSymbol": "AMPLUNC",
        "txhash": "AF15CB4D21BFD9C3B0A7845CFAFD84835CD81874B9D535EEE2E200A2EBB30E49",
        "type": "BUY",
        "value": 10346.682813,
        "wallet": "terra1q7a9kg5xusufjfjp3v8ghsc7urfrlj8m99hlwh"
      },
      {
        "amount": 7017.407119,
        "baseAmount": 9206.121666,
        "baseSymbol": "CWLUNC",
        "executionType": "direct",
        "pairId": "amplunc-cwlunc",
        "price": 1.3118979004472946,
        "sourceContract": "terra1r8k9pea8wmt93l703azhs82kpjva0cpq8tq5at",
        "sourcePairId": "amplunc-cwlunc-ref-3",
        "sourceType": "reference",
        "timestamp": "2026-05-13T23:08:03Z",
        "tokenAmount": 7017.407119,
        "tokenSymbol": "AMPLUNC",
        "txhash": "D4945FA4DBC47FB8FCB4F7C769E8F463897815DA1929942AD948C7F84190941C",
        "type": "BUY",
        "value": 9206.121666,
        "wallet": "terra1q7a9kg5xusufjfjp3v8ghsc7urfrlj8m99hlwh"
      },
      {
        "amount": 5803.526097,
        "baseAmount": 7583.496216,
        "baseSymbol": "CWLUNC",
        "executionType": "direct",
        "pairId": "amplunc-cwlunc",
        "price": 1.306704939247213,
        "sourceContract": "terra12gkp648mkgj6esr5y6dwc2q4mftnfzk2pudka8",
        "sourcePairId": "amplunc-cwlunc-ref-1",
        "sourceType": "reference",
        "timestamp": "2026-05-13T11:33:35Z",
        "tokenAmount": 5803.526097,
        "tokenSymbol": "AMPLUNC",
        "txhash": "368F755B288A73E705C9CBE86D948876B911830BAFB84888922C09ABD313D168",
        "type": "BUY",
        "value": 7583.496216,
        "wallet": "terra1g3zc8lwwmkrm0cz9wkgl849pdqaw6cq8lh7872"
      },
      {
        "amount": 7894.019324,
        "baseAmount": 10240.189802,
        "baseSymbol": "CWLUNC",
        "executionType": "direct",
        "pairId": "amplunc-cwlunc",
        "price": 1.2972086058703953,
        "sourceContract": "terra1r8k9pea8wmt93l703azhs82kpjva0cpq8tq5at",
        "sourcePairId": "amplunc-cwlunc-ref-3",
        "sourceType": "reference",
        "timestamp": "2026-05-12T19:05:12Z",
        "tokenAmount": 7894.019324,
        "tokenSymbol": "AMPLUNC",
        "txhash": "7DBEE887D2E65BB3620F4E31BDD18CA6957B8F1E2521EEDDBAE77E088F7E4BF0",
        "type": "BUY",
        "value": 10240.189802,
        "wallet": "terra1q7a9kg5xusufjfjp3v8ghsc7urfrlj8m99hlwh"
      }
    ],
    "amplunc-cwustc": [],
    "amplunc-lunc": [
      {
        "amount": 18906.693641,
        "baseAmount": 25111.921737,
        "baseSymbol": "LUNC",
        "executionType": "routed",
        "pairId": "amplunc-lunc",
        "price": 1.3282027103112142,
        "sourceContract": "terra1nynrxdccq0r9ghrz0sq7tjkkh8wug0ggg4lkzsags8r9dyhf7ypqx5gsr8",
        "sourcePairId": "amplunc-lunc",
        "sourceType": "routed",
        "timestamp": "2026-05-31T13:12:20Z",
        "tokenAmount": 18906.693641,
        "tokenSymbol": "AMPLUNC",
        "txhash": "9435059950C559D0AF5D47283D7F679B39E206A3D0B5E228060FB6114B100ACF",
        "type": "SWAP",
        "value": 25111.921737,
        "wallet": ""
      },
      {
        "amount": 50000.0,
        "baseAmount": 38020.958345,
        "baseSymbol": "LUNC",
        "executionType": "routed",
        "pairId": "amplunc-lunc",
        "price": 0.7604191669,
        "sourceContract": "terra1nynrxdccq0r9ghrz0sq7tjkkh8wug0ggg4lkzsags8r9dyhf7ypqx5gsr8",
        "sourcePairId": "amplunc-lunc",
        "sourceType": "routed",
        "timestamp": "2026-05-10T08:51:56Z",
        "tokenAmount": 50000.0,
        "tokenSymbol": "AMPLUNC",
        "txhash": "FAACCD5DA681F17C4950C0B3455AE21A97ED903B4BAABA6D6782210CA2265D63",
        "type": "SWAP",
        "value": 38020.958345,
        "wallet": ""
      },
      {
        "amount": 50000.0,
        "baseAmount": 38317.109736,
        "baseSymbol": "LUNC",
        "executionType": "routed",
        "pairId": "amplunc-lunc",
        "price": 0.76634219472,
        "sourceContract": "terra1nynrxdccq0r9ghrz0sq7tjkkh8wug0ggg4lkzsags8r9dyhf7ypqx5gsr8",
        "sourcePairId": "amplunc-lunc",
        "sourceType": "routed",
        "timestamp": "2026-05-10T08:51:03Z",
        "tokenAmount": 50000.0,
        "tokenSymbol": "AMPLUNC",
        "txhash": "04C889EB874D85440428EB7C4CEF8187928D1F2A0D5EBBBEF62BA74BC923644A",
        "type": "SWAP",
        "value": 38317.109736,
        "wallet": ""
      },
      {
        "amount": 50000.0,
        "baseAmount": 38798.724832,
        "baseSymbol": "LUNC",
        "executionType": "routed",
        "pairId": "amplunc-lunc",
        "price": 0.77597449664,
        "sourceContract": "terra1nynrxdccq0r9ghrz0sq7tjkkh8wug0ggg4lkzsags8r9dyhf7ypqx5gsr8",
        "sourcePairId": "amplunc-lunc",
        "sourceType": "routed",
        "timestamp": "2026-05-10T08:50:34Z",
        "tokenAmount": 50000.0,
        "tokenSymbol": "AMPLUNC",
        "txhash": "1E14EA7D581CD6CA7E673541B2610910984FCF9BFEFC4D8CBC477F631658015D",
        "type": "SWAP",
        "value": 38798.724832,
        "wallet": ""
      },
      {
        "amount": 12345.0,
        "baseAmount": 9578.673131,
        "baseSymbol": "LUNC",
        "executionType": "routed",
        "pairId": "amplunc-lunc",
        "price": 0.775915198946942,
        "sourceContract": "terra1nynrxdccq0r9ghrz0sq7tjkkh8wug0ggg4lkzsags8r9dyhf7ypqx5gsr8",
        "sourcePairId": "amplunc-lunc",
        "sourceType": "routed",
        "timestamp": "2026-05-02T01:06:00Z",
        "tokenAmount": 12345.0,
        "tokenSymbol": "AMPLUNC",
        "txhash": "8076734D8388FE5F314EE91CD4B69CE1C6B53D3A0F52702F75B856414F205B05",
        "type": "SWAP",
        "value": 9578.673131,
        "wallet": ""
      },
      {
        "amount": 26772.690282,
        "baseAmount": 20608.777342,
        "baseSymbol": "LUNC",
        "executionType": "routed",
        "pairId": "amplunc-lunc",
        "price": 0.7697686382998961,
        "sourceContract": "terra1nynrxdccq0r9ghrz0sq7tjkkh8wug0ggg4lkzsags8r9dyhf7ypqx5gsr8",
        "sourcePairId": "amplunc-lunc",
        "sourceType": "routed",
        "timestamp": "2026-05-02T00:06:35Z",
        "tokenAmount": 26772.690282,
        "tokenSymbol": "AMPLUNC",
        "txhash": "EC33BB46AF37719207927BC74BDBFEDFB34FA94CC5E08B5F20BFB8B2D67B5FA6",
        "type": "SWAP",
        "value": 20608.777342,
        "wallet": ""
      }
    ],
    "amplunc-mdot": [],
    "amplunc-ustc": [],
    "astro-amplunc": [],
    "astro-cwlunc": [
      {
        "amount": 1447.130252,
        "baseAmount": 10966.50405,
        "baseSymbol": "CWLUNC",
        "executionType": "direct",
        "pairId": "astro-cwlunc",
        "price": 7.578104344680647,
        "sourceContract": "terra1nujm9zqa4hpaz9s8wrhrp86h3m9xwprjt9kmf9",
        "sourcePairId": "astro-cwlunc-ref-1",
        "sourceType": "reference",
        "timestamp": "2026-06-05T05:53:52Z",
        "tokenAmount": 1447.130252,
        "tokenSymbol": "ASTRO",
        "txhash": "BF15DD077724043E0E5589704419439EF643268698BDEB5A0BC73A28FC3AB6EB",
        "type": "BUY",
        "value": 10966.50405,
        "wallet": "terra1ydeh9exz82qrzw82ycjr6n462u5ldt8m8qt4rh"
      },
      {
        "amount": 178.070745,
        "baseAmount": 1328.598292,
        "baseSymbol": "CWLUNC",
        "executionType": "direct",
        "pairId": "astro-cwlunc",
        "price": 7.461069992153961,
        "sourceContract": "terra1nujm9zqa4hpaz9s8wrhrp86h3m9xwprjt9kmf9",
        "sourcePairId": "astro-cwlunc-ref-1",
        "sourceType": "reference",
        "timestamp": "2026-06-04T12:54:00Z",
        "tokenAmount": 178.070745,
        "tokenSymbol": "ASTRO",
        "txhash": "B0E01513FD531F2A823F53C7C94E94D23AE06981D3E36E79086B3F5936F07352",
        "type": "SELL",
        "value": 1328.598292,
        "wallet": "terra1ydeh9exz82qrzw82ycjr6n462u5ldt8m8qt4rh"
      },
      {
        "amount": 210.461801,
        "baseAmount": 1574.827349,
        "baseSymbol": "CWLUNC",
        "executionType": "direct",
        "pairId": "astro-cwlunc",
        "price": 7.482722952655907,
        "sourceContract": "terra1nujm9zqa4hpaz9s8wrhrp86h3m9xwprjt9kmf9",
        "sourcePairId": "astro-cwlunc-ref-1",
        "sourceType": "reference",
        "timestamp": "2026-06-04T12:53:25Z",
        "tokenAmount": 210.461801,
        "tokenSymbol": "ASTRO",
        "txhash": "3BB652313FCEC48EA24FF95C87B723D2BE1ED1F69765D523AAA0516BE19FF1C2",
        "type": "SELL",
        "value": 1574.827349,
        "wallet": "terra1ydeh9exz82qrzw82ycjr6n462u5ldt8m8qt4rh"
      },
      {
        "amount": 1462.192317,
        "baseAmount": 10905.093975,
        "baseSymbol": "CWLUNC",
        "executionType": "direct",
        "pairId": "astro-cwlunc",
        "price": 7.458043547495948,
        "sourceContract": "terra1nujm9zqa4hpaz9s8wrhrp86h3m9xwprjt9kmf9",
        "sourcePairId": "astro-cwlunc-ref-1",
        "sourceType": "reference",
        "timestamp": "2026-06-03T02:36:32Z",
        "tokenAmount": 1462.192317,
        "tokenSymbol": "ASTRO",
        "txhash": "4D4DC32FB34965BA43594DF0021D33CD971680FFB2278DA05DB3F7AF3ABF4D5B",
        "type": "BUY",
        "value": 10905.093975,
        "wallet": "terra1ydeh9exz82qrzw82ycjr6n462u5ldt8m8qt4rh"
      },
      {
        "amount": 1482.159654,
        "baseAmount": 10815.411194,
        "baseSymbol": "CWLUNC",
        "executionType": "direct",
        "pairId": "astro-cwlunc",
        "price": 7.297062205688673,
        "sourceContract": "terra1nujm9zqa4hpaz9s8wrhrp86h3m9xwprjt9kmf9",
        "sourcePairId": "astro-cwlunc-ref-1",
        "sourceType": "reference",
        "timestamp": "2026-05-31T14:57:51Z",
        "tokenAmount": 1482.159654,
        "tokenSymbol": "ASTRO",
        "txhash": "65CB3311F63DDF90FDC467019BD4387BA841AD6AE11AC44931C46958BE2E86BF",
        "type": "BUY",
        "value": 10815.411194,
        "wallet": "terra1ydeh9exz82qrzw82ycjr6n462u5ldt8m8qt4rh"
      },
      {
        "amount": 1510.179499,
        "baseAmount": 10780.778884,
        "baseSymbol": "CWLUNC",
        "executionType": "direct",
        "pairId": "astro-cwlunc",
        "price": 7.138740057813484,
        "sourceContract": "terra1nujm9zqa4hpaz9s8wrhrp86h3m9xwprjt9kmf9",
        "sourcePairId": "astro-cwlunc-ref-1",
        "sourceType": "reference",
        "timestamp": "2026-05-31T08:08:55Z",
        "tokenAmount": 1510.179499,
        "tokenSymbol": "ASTRO",
        "txhash": "FC2CD39E07BC67E0DFFE815EACC94B820253DF84153884F13C4C48A38EAA7D48",
        "type": "BUY",
        "value": 10780.778884,
        "wallet": "terra1ydeh9exz82qrzw82ycjr6n462u5ldt8m8qt4rh"
      },
      {
        "amount": 1538.852404,
        "baseAmount": 10745.280509,
        "baseSymbol": "CWLUNC",
        "executionType": "direct",
        "pairId": "astro-cwlunc",
        "price": 6.982658298527765,
        "sourceContract": "terra1nujm9zqa4hpaz9s8wrhrp86h3m9xwprjt9kmf9",
        "sourcePairId": "astro-cwlunc-ref-1",
        "sourceType": "reference",
        "timestamp": "2026-05-30T23:36:01Z",
        "tokenAmount": 1538.852404,
        "tokenSymbol": "ASTRO",
        "txhash": "824471DFDCD2AB9363DB1AF8AF5DF40BC790C89C25CBFEE6A78AB1589EABC8DA",
        "type": "BUY",
        "value": 10745.280509,
        "wallet": "terra1ydeh9exz82qrzw82ycjr6n462u5ldt8m8qt4rh"
      },
      {
        "amount": 1560.255456,
        "baseAmount": 10655.29131,
        "baseSymbol": "CWLUNC",
        "executionType": "direct",
        "pairId": "astro-cwlunc",
        "price": 6.829196635092555,
        "sourceContract": "terra1nujm9zqa4hpaz9s8wrhrp86h3m9xwprjt9kmf9",
        "sourcePairId": "astro-cwlunc-ref-1",
        "sourceType": "reference",
        "timestamp": "2026-05-29T11:26:49Z",
        "tokenAmount": 1560.255456,
        "tokenSymbol": "ASTRO",
        "txhash": "78F4B572DEBF5F5BAC3240A7D1CEFE6265C28A9167DC113E1E5779B6899AF34B",
        "type": "BUY",
        "value": 10655.29131,
        "wallet": "terra1ydeh9exz82qrzw82ycjr6n462u5ldt8m8qt4rh"
      },
      {
        "amount": 1590.664419,
        "baseAmount": 10622.933139,
        "baseSymbol": "CWLUNC",
        "executionType": "direct",
        "pairId": "astro-cwlunc",
        "price": 6.678299339642173,
        "sourceContract": "terra1nujm9zqa4hpaz9s8wrhrp86h3m9xwprjt9kmf9",
        "sourcePairId": "astro-cwlunc-ref-1",
        "sourceType": "reference",
        "timestamp": "2026-05-29T11:15:16Z",
        "tokenAmount": 1590.664419,
        "tokenSymbol": "ASTRO",
        "txhash": "D34E5BA493BCAA31C973AC21313374C8F81D442915EDCBDF6F585A17CD6E7D20",
        "type": "BUY",
        "value": 10622.933139,
        "wallet": "terra1ydeh9exz82qrzw82ycjr6n462u5ldt8m8qt4rh"
      },
      {
        "amount": 1609.505389,
        "baseAmount": 10685.182393,
        "baseSymbol": "CWLUNC",
        "executionType": "direct",
        "pairId": "astro-cwlunc",
        "price": 6.6387987676380495,
        "sourceContract": "terra1nujm9zqa4hpaz9s8wrhrp86h3m9xwprjt9kmf9",
        "sourcePairId": "astro-cwlunc-ref-1",
        "sourceType": "reference",
        "timestamp": "2026-05-27T21:01:57Z",
        "tokenAmount": 1609.505389,
        "tokenSymbol": "ASTRO",
        "txhash": "389F4E7220E6F23EFC3748FD8CF751687361D0F88411E3C6F875D976EC5FAF8C",
        "type": "SELL",
        "value": 10685.182393,
        "wallet": "terra1ydeh9exz82qrzw82ycjr6n462u5ldt8m8qt4rh"
      },
      {
        "amount": 1587.033755,
        "baseAmount": 10776.848884,
        "baseSymbol": "CWLUNC",
        "executionType": "direct",
        "pairId": "astro-cwlunc",
        "price": 6.790560597748597,
        "sourceContract": "terra1nujm9zqa4hpaz9s8wrhrp86h3m9xwprjt9kmf9",
        "sourcePairId": "astro-cwlunc-ref-1",
        "sourceType": "reference",
        "timestamp": "2026-05-26T22:28:38Z",
        "tokenAmount": 1587.033755,
        "tokenSymbol": "ASTRO",
        "txhash": "1B5574A11B964342BCE8FA85323B7B2EAB92DAACDCD549B01DC990EF61E3C475",
        "type": "SELL",
        "value": 10776.848884,
        "wallet": "terra1ydeh9exz82qrzw82ycjr6n462u5ldt8m8qt4rh"
      },
      {
        "amount": 72.330953,
        "baseAmount": 497.00476,
        "baseSymbol": "CWLUNC",
        "executionType": "direct",
        "pairId": "astro-cwlunc",
        "price": 6.871259666660275,
        "sourceContract": "terra1nujm9zqa4hpaz9s8wrhrp86h3m9xwprjt9kmf9",
        "sourcePairId": "astro-cwlunc-ref-1",
        "sourceType": "reference",
        "timestamp": "2026-05-21T20:10:18Z",
        "tokenAmount": 72.330953,
        "tokenSymbol": "ASTRO",
        "txhash": "DC480732FAD08809BABD2762E77543A2DB77B83B631D13B6CBA334F1F517DC7F",
        "type": "SELL",
        "value": 497.00476,
        "wallet": "terra1w8jq62aktlmn8z0fks36llquvfs040clr755hz"
      },
      {
        "amount": 72.330953,
        "baseAmount": 500.0,
        "baseSymbol": "CWLUNC",
        "executionType": "direct",
        "pairId": "astro-cwlunc",
        "price": 6.912669877306885,
        "sourceContract": "terra1nujm9zqa4hpaz9s8wrhrp86h3m9xwprjt9kmf9",
        "sourcePairId": "astro-cwlunc-ref-1",
        "sourceType": "reference",
        "timestamp": "2026-05-21T20:10:12Z",
        "tokenAmount": 72.330953,
        "tokenSymbol": "ASTRO",
        "txhash": "2546D84B7B761834C004C52A35EA0B98BF67F9984A44773B74EBE2AB55AA0493",
        "type": "BUY",
        "value": 500.0,
        "wallet": "terra1w8jq62aktlmn8z0fks36llquvfs040clr755hz"
      },
      {
        "amount": 72.331178,
        "baseAmount": 497.004759,
        "baseSymbol": "CWLUNC",
        "executionType": "direct",
        "pairId": "astro-cwlunc",
        "price": 6.871238278464095,
        "sourceContract": "terra1nujm9zqa4hpaz9s8wrhrp86h3m9xwprjt9kmf9",
        "sourcePairId": "astro-cwlunc-ref-1",
        "sourceType": "reference",
        "timestamp": "2026-05-21T20:10:06Z",
        "tokenAmount": 72.331178,
        "tokenSymbol": "ASTRO",
        "txhash": "D21E35D910E21B14608D82EA46A22F939E13AD65FB05B3CA04C6B9FF51FD54DB",
        "type": "SELL",
        "value": 497.004759,
        "wallet": "terra1w8jq62aktlmn8z0fks36llquvfs040clr755hz"
      },
      {
        "amount": 72.331178,
        "baseAmount": 500.0,
        "baseSymbol": "CWLUNC",
        "executionType": "direct",
        "pairId": "astro-cwlunc",
        "price": 6.9126483741216,
        "sourceContract": "terra1nujm9zqa4hpaz9s8wrhrp86h3m9xwprjt9kmf9",
        "sourcePairId": "astro-cwlunc-ref-1",
        "sourceType": "reference",
        "timestamp": "2026-05-21T20:10:00Z",
        "tokenAmount": 72.331178,
        "tokenSymbol": "ASTRO",
        "txhash": "D1BBD7F2F8BACFEAD8A935D08E7C69222A1E0801DC16006232CFA8F823C262F4",
        "type": "BUY",
        "value": 500.0,
        "wallet": "terra1w8jq62aktlmn8z0fks36llquvfs040clr755hz"
      },
      {
        "amount": 72.331403,
        "baseAmount": 497.004757,
        "baseSymbol": "CWLUNC",
        "executionType": "direct",
        "pairId": "astro-cwlunc",
        "price": 6.871216876575725,
        "sourceContract": "terra1nujm9zqa4hpaz9s8wrhrp86h3m9xwprjt9kmf9",
        "sourcePairId": "astro-cwlunc-ref-1",
        "sourceType": "reference",
        "timestamp": "2026-05-21T20:09:48Z",
        "tokenAmount": 72.331403,
        "tokenSymbol": "ASTRO",
        "txhash": "02E7BBB68907168B1FAD25A52EA82703F2A7905D6D13CD5494485A2A6CC0E153",
        "type": "SELL",
        "value": 497.004757,
        "wallet": "terra1w8jq62aktlmn8z0fks36llquvfs040clr755hz"
      },
      {
        "amount": 72.331403,
        "baseAmount": 500.0,
        "baseSymbol": "CWLUNC",
        "executionType": "direct",
        "pairId": "astro-cwlunc",
        "price": 6.912626871070095,
        "sourceContract": "terra1nujm9zqa4hpaz9s8wrhrp86h3m9xwprjt9kmf9",
        "sourcePairId": "astro-cwlunc-ref-1",
        "sourceType": "reference",
        "timestamp": "2026-05-21T20:09:42Z",
        "tokenAmount": 72.331403,
        "tokenSymbol": "ASTRO",
        "txhash": "4EB7CBC5F7979866B8F26CED597C90290F9FC280714961D9E346BEBE3533263A",
        "type": "BUY",
        "value": 500.0,
        "wallet": "terra1w8jq62aktlmn8z0fks36llquvfs040clr755hz"
      },
      {
        "amount": 72.331629,
        "baseAmount": 497.004763,
        "baseSymbol": "CWLUNC",
        "executionType": "direct",
        "pairId": "astro-cwlunc",
        "price": 6.871195490426463,
        "sourceContract": "terra1nujm9zqa4hpaz9s8wrhrp86h3m9xwprjt9kmf9",
        "sourcePairId": "astro-cwlunc-ref-1",
        "sourceType": "reference",
        "timestamp": "2026-05-21T20:09:36Z",
        "tokenAmount": 72.331629,
        "tokenSymbol": "ASTRO",
        "txhash": "56A1DDEA5C9D92495DED9820474B853D308815464CEC040FBC3F9A06FEFF64B0",
        "type": "SELL",
        "value": 497.004763,
        "wallet": "terra1w8jq62aktlmn8z0fks36llquvfs040clr755hz"
      },
      {
        "amount": 72.331629,
        "baseAmount": 500.0,
        "baseSymbol": "CWLUNC",
        "executionType": "direct",
        "pairId": "astro-cwlunc",
        "price": 6.912605272584141,
        "sourceContract": "terra1nujm9zqa4hpaz9s8wrhrp86h3m9xwprjt9kmf9",
        "sourcePairId": "astro-cwlunc-ref-1",
        "sourceType": "reference",
        "timestamp": "2026-05-21T20:09:31Z",
        "tokenAmount": 72.331629,
        "tokenSymbol": "ASTRO",
        "txhash": "A979C7DAFE0EC8C90B5334B13146350CCC5C927BF45654272E853D8B900F9F72",
        "type": "BUY",
        "value": 500.0,
        "wallet": "terra1w8jq62aktlmn8z0fks36llquvfs040clr755hz"
      },
      {
        "amount": 72.331853,
        "baseAmount": 497.004755,
        "baseSymbol": "CWLUNC",
        "executionType": "direct",
        "pairId": "astro-cwlunc",
        "price": 6.871174100848765,
        "sourceContract": "terra1nujm9zqa4hpaz9s8wrhrp86h3m9xwprjt9kmf9",
        "sourcePairId": "astro-cwlunc-ref-1",
        "sourceType": "reference",
        "timestamp": "2026-05-21T20:09:13Z",
        "tokenAmount": 72.331853,
        "tokenSymbol": "ASTRO",
        "txhash": "76DDBD0080820E1988AB8B92D9D4747A575916F2A5B730A75CDC6986A0A38425",
        "type": "SELL",
        "value": 497.004755,
        "wallet": "terra1w8jq62aktlmn8z0fks36llquvfs040clr755hz"
      },
      {
        "amount": 72.331853,
        "baseAmount": 500.0,
        "baseSymbol": "CWLUNC",
        "executionType": "direct",
        "pairId": "astro-cwlunc",
        "price": 6.912583865368416,
        "sourceContract": "terra1nujm9zqa4hpaz9s8wrhrp86h3m9xwprjt9kmf9",
        "sourcePairId": "astro-cwlunc-ref-1",
        "sourceType": "reference",
        "timestamp": "2026-05-21T20:09:02Z",
        "tokenAmount": 72.331853,
        "tokenSymbol": "ASTRO",
        "txhash": "83F34A996FD0068534C43F46ACCD4C85B92D077E3C3DF99919BE4A3CB992F8E3",
        "type": "BUY",
        "value": 500.0,
        "wallet": "terra1w8jq62aktlmn8z0fks36llquvfs040clr755hz"
      },
      {
        "amount": 72.332078,
        "baseAmount": 497.004754,
        "baseSymbol": "CWLUNC",
        "executionType": "direct",
        "pairId": "astro-cwlunc",
        "price": 6.871152713184875,
        "sourceContract": "terra1nujm9zqa4hpaz9s8wrhrp86h3m9xwprjt9kmf9",
        "sourcePairId": "astro-cwlunc-ref-1",
        "sourceType": "reference",
        "timestamp": "2026-05-21T20:08:50Z",
        "tokenAmount": 72.332078,
        "tokenSymbol": "ASTRO",
        "txhash": "81A66CA06AE85F8018454672266C18982A527D105233E9B32DFA01B542B8ACCA",
        "type": "SELL",
        "value": 497.004754,
        "wallet": "terra1w8jq62aktlmn8z0fks36llquvfs040clr755hz"
      },
      {
        "amount": 72.332078,
        "baseAmount": 500.0,
        "baseSymbol": "CWLUNC",
        "executionType": "direct",
        "pairId": "astro-cwlunc",
        "price": 6.91256236271824,
        "sourceContract": "terra1nujm9zqa4hpaz9s8wrhrp86h3m9xwprjt9kmf9",
        "sourcePairId": "astro-cwlunc-ref-1",
        "sourceType": "reference",
        "timestamp": "2026-05-21T20:08:44Z",
        "tokenAmount": 72.332078,
        "tokenSymbol": "ASTRO",
        "txhash": "0B87DAF01E23F647BEA03B3130AAF1228DF86C75E96DBD092E4E610E0356F0AE",
        "type": "BUY",
        "value": 500.0,
        "wallet": "terra1w8jq62aktlmn8z0fks36llquvfs040clr755hz"
      },
      {
        "amount": 72.332304,
        "baseAmount": 497.00476,
        "baseSymbol": "CWLUNC",
        "executionType": "direct",
        "pairId": "astro-cwlunc",
        "price": 6.8711313274356645,
        "sourceContract": "terra1nujm9zqa4hpaz9s8wrhrp86h3m9xwprjt9kmf9",
        "sourcePairId": "astro-cwlunc-ref-1",
        "sourceType": "reference",
        "timestamp": "2026-05-21T20:08:32Z",
        "tokenAmount": 72.332304,
        "tokenSymbol": "ASTRO",
        "txhash": "1ACE382E0CFDF13742BFF0D7A06E1A459AC6505BF0B44869B2DEE74EB8F4A8E5",
        "type": "SELL",
        "value": 497.00476,
        "wallet": "terra1w8jq62aktlmn8z0fks36llquvfs040clr755hz"
      },
      {
        "amount": 72.332304,
        "baseAmount": 500.0,
        "baseSymbol": "CWLUNC",
        "executionType": "direct",
        "pairId": "astro-cwlunc",
        "price": 6.912540764635398,
        "sourceContract": "terra1nujm9zqa4hpaz9s8wrhrp86h3m9xwprjt9kmf9",
        "sourcePairId": "astro-cwlunc-ref-1",
        "sourceType": "reference",
        "timestamp": "2026-05-21T20:08:27Z",
        "tokenAmount": 72.332304,
        "tokenSymbol": "ASTRO",
        "txhash": "83154C34E45C2BE27D756F0ED27917F861B2C14F955A6E089005311FD141ADEE",
        "type": "BUY",
        "value": 500.0,
        "wallet": "terra1w8jq62aktlmn8z0fks36llquvfs040clr755hz"
      },
      {
        "amount": 72.332529,
        "baseAmount": 497.004759,
        "baseSymbol": "CWLUNC",
        "executionType": "direct",
        "pairId": "astro-cwlunc",
        "price": 6.871109940038181,
        "sourceContract": "terra1nujm9zqa4hpaz9s8wrhrp86h3m9xwprjt9kmf9",
        "sourcePairId": "astro-cwlunc-ref-1",
        "sourceType": "reference",
        "timestamp": "2026-05-21T19:52:06Z",
        "tokenAmount": 72.332529,
        "tokenSymbol": "ASTRO",
        "txhash": "2B76D238C47D0A9C57A4CD81B275761D38F11D995A735D1E09E2C722CD0BBC2F",
        "type": "SELL",
        "value": 497.004759,
        "wallet": "terra1w8jq62aktlmn8z0fks36llquvfs040clr755hz"
      },
      {
        "amount": 72.332529,
        "baseAmount": 500.0,
        "baseSymbol": "CWLUNC",
        "executionType": "direct",
        "pairId": "astro-cwlunc",
        "price": 6.9125192622533636,
        "sourceContract": "terra1nujm9zqa4hpaz9s8wrhrp86h3m9xwprjt9kmf9",
        "sourcePairId": "astro-cwlunc-ref-1",
        "sourceType": "reference",
        "timestamp": "2026-05-21T19:52:01Z",
        "tokenAmount": 72.332529,
        "tokenSymbol": "ASTRO",
        "txhash": "C128E4759291436B510463DE5ED667EB0923FCD3868A7FDB7EF583F41BB66B23",
        "type": "BUY",
        "value": 500.0,
        "wallet": "terra1w8jq62aktlmn8z0fks36llquvfs040clr755hz"
      },
      {
        "amount": 72.332754,
        "baseAmount": 497.004758,
        "baseSymbol": "CWLUNC",
        "executionType": "direct",
        "pairId": "astro-cwlunc",
        "price": 6.871088552773755,
        "sourceContract": "terra1nujm9zqa4hpaz9s8wrhrp86h3m9xwprjt9kmf9",
        "sourcePairId": "astro-cwlunc-ref-1",
        "sourceType": "reference",
        "timestamp": "2026-05-21T19:51:49Z",
        "tokenAmount": 72.332754,
        "tokenSymbol": "ASTRO",
        "txhash": "7284C4149C2F83AE18220C464D87F0DBA4544617C1E767FABC19D7C5461C8CE8",
        "type": "SELL",
        "value": 497.004758,
        "wallet": "terra1w8jq62aktlmn8z0fks36llquvfs040clr755hz"
      },
      {
        "amount": 72.332754,
        "baseAmount": 500.0,
        "baseSymbol": "CWLUNC",
        "executionType": "direct",
        "pairId": "astro-cwlunc",
        "price": 6.912497760005102,
        "sourceContract": "terra1nujm9zqa4hpaz9s8wrhrp86h3m9xwprjt9kmf9",
        "sourcePairId": "astro-cwlunc-ref-1",
        "sourceType": "reference",
        "timestamp": "2026-05-21T19:51:43Z",
        "tokenAmount": 72.332754,
        "tokenSymbol": "ASTRO",
        "txhash": "05635D9761B665B2916B25C3B4FE0EF908B3A40A727AB30D341F5023D09E3F41",
        "type": "BUY",
        "value": 500.0,
        "wallet": "terra1w8jq62aktlmn8z0fks36llquvfs040clr755hz"
      },
      {
        "amount": 72.33298,
        "baseAmount": 497.004764,
        "baseSymbol": "CWLUNC",
        "executionType": "direct",
        "pairId": "astro-cwlunc",
        "price": 6.871067167424873,
        "sourceContract": "terra1nujm9zqa4hpaz9s8wrhrp86h3m9xwprjt9kmf9",
        "sourcePairId": "astro-cwlunc-ref-1",
        "sourceType": "reference",
        "timestamp": "2026-05-21T19:51:25Z",
        "tokenAmount": 72.33298,
        "tokenSymbol": "ASTRO",
        "txhash": "8DDD3863C84AE22473265F20E75CD9248BA2A722F7A0D2865691D0DE30E72CBB",
        "type": "SELL",
        "value": 497.004764,
        "wallet": "terra1w8jq62aktlmn8z0fks36llquvfs040clr755hz"
      },
      {
        "amount": 72.33298,
        "baseAmount": 500.0,
        "baseSymbol": "CWLUNC",
        "executionType": "direct",
        "pairId": "astro-cwlunc",
        "price": 6.912476162325953,
        "sourceContract": "terra1nujm9zqa4hpaz9s8wrhrp86h3m9xwprjt9kmf9",
        "sourcePairId": "astro-cwlunc-ref-1",
        "sourceType": "reference",
        "timestamp": "2026-05-21T19:51:13Z",
        "tokenAmount": 72.33298,
        "tokenSymbol": "ASTRO",
        "txhash": "D9E10BD00AB1A4422B81237E9CE5753D4EED0C3063BBDF33FC45BE8966466881",
        "type": "BUY",
        "value": 500.0,
        "wallet": "terra1w8jq62aktlmn8z0fks36llquvfs040clr755hz"
      },
      {
        "amount": 72.333204,
        "baseAmount": 497.004756,
        "baseSymbol": "CWLUNC",
        "executionType": "direct",
        "pairId": "astro-cwlunc",
        "price": 6.871045778644065,
        "sourceContract": "terra1nujm9zqa4hpaz9s8wrhrp86h3m9xwprjt9kmf9",
        "sourcePairId": "astro-cwlunc-ref-1",
        "sourceType": "reference",
        "timestamp": "2026-05-21T19:51:08Z",
        "tokenAmount": 72.333204,
        "tokenSymbol": "ASTRO",
        "txhash": "8D79C289A9D33535179AD572D39A9D9935688529F1DD2DA7D8C279BBB7D9CDF9",
        "type": "SELL",
        "value": 497.004756,
        "wallet": "terra1w8jq62aktlmn8z0fks36llquvfs040clr755hz"
      },
      {
        "amount": 72.333204,
        "baseAmount": 500.0,
        "baseSymbol": "CWLUNC",
        "executionType": "direct",
        "pairId": "astro-cwlunc",
        "price": 6.912454755909887,
        "sourceContract": "terra1nujm9zqa4hpaz9s8wrhrp86h3m9xwprjt9kmf9",
        "sourcePairId": "astro-cwlunc-ref-1",
        "sourceType": "reference",
        "timestamp": "2026-05-21T19:51:02Z",
        "tokenAmount": 72.333204,
        "tokenSymbol": "ASTRO",
        "txhash": "001DA13422891F15CFEE1EA4EC9CEBC28FFB0CFA8CEEB2E8C3EA5AA4EAA87B42",
        "type": "BUY",
        "value": 500.0,
        "wallet": "terra1w8jq62aktlmn8z0fks36llquvfs040clr755hz"
      },
      {
        "amount": 72.333429,
        "baseAmount": 497.004755,
        "baseSymbol": "CWLUNC",
        "executionType": "direct",
        "pairId": "astro-cwlunc",
        "price": 6.8710243917788,
        "sourceContract": "terra1nujm9zqa4hpaz9s8wrhrp86h3m9xwprjt9kmf9",
        "sourcePairId": "astro-cwlunc-ref-1",
        "sourceType": "reference",
        "timestamp": "2026-05-21T19:50:39Z",
        "tokenAmount": 72.333429,
        "tokenSymbol": "ASTRO",
        "txhash": "10405DF3EADAE90E9A7E62E57A636C114F7337EB4BBAD28FB6FE747F72DE3DA1",
        "type": "SELL",
        "value": 497.004755,
        "wallet": "terra1w8jq62aktlmn8z0fks36llquvfs040clr755hz"
      },
      {
        "amount": 72.333429,
        "baseAmount": 500.0,
        "baseSymbol": "CWLUNC",
        "executionType": "direct",
        "pairId": "astro-cwlunc",
        "price": 6.912433254062932,
        "sourceContract": "terra1nujm9zqa4hpaz9s8wrhrp86h3m9xwprjt9kmf9",
        "sourcePairId": "astro-cwlunc-ref-1",
        "sourceType": "reference",
        "timestamp": "2026-05-21T19:50:33Z",
        "tokenAmount": 72.333429,
        "tokenSymbol": "ASTRO",
        "txhash": "B73A920C8A994293AC24091A7462C384EA9C0524972809AF8B765C49EA2D5312",
        "type": "BUY",
        "value": 500.0,
        "wallet": "terra1w8jq62aktlmn8z0fks36llquvfs040clr755hz"
      },
      {
        "amount": 72.333655,
        "baseAmount": 497.004761,
        "baseSymbol": "CWLUNC",
        "executionType": "direct",
        "pairId": "astro-cwlunc",
        "price": 6.871003006829947,
        "sourceContract": "terra1nujm9zqa4hpaz9s8wrhrp86h3m9xwprjt9kmf9",
        "sourcePairId": "astro-cwlunc-ref-1",
        "sourceType": "reference",
        "timestamp": "2026-05-21T19:50:21Z",
        "tokenAmount": 72.333655,
        "tokenSymbol": "ASTRO",
        "txhash": "DB9FA5DCEBA00A51B55D8291281376BB7BE73663A28400826B92DE8B110CE741",
        "type": "SELL",
        "value": 497.004761,
        "wallet": "terra1w8jq62aktlmn8z0fks36llquvfs040clr755hz"
      },
      {
        "amount": 72.333655,
        "baseAmount": 500.0,
        "baseSymbol": "CWLUNC",
        "executionType": "direct",
        "pairId": "astro-cwlunc",
        "price": 6.9124116567868725,
        "sourceContract": "terra1nujm9zqa4hpaz9s8wrhrp86h3m9xwprjt9kmf9",
        "sourcePairId": "astro-cwlunc-ref-1",
        "sourceType": "reference",
        "timestamp": "2026-05-21T19:50:15Z",
        "tokenAmount": 72.333655,
        "tokenSymbol": "ASTRO",
        "txhash": "F1623B4B55FBEDB20140761C39F6C35BE9C17BC75585E94D399A821A9F6983EF",
        "type": "BUY",
        "value": 500.0,
        "wallet": "terra1w8jq62aktlmn8z0fks36llquvfs040clr755hz"
      },
      {
        "amount": 72.33388,
        "baseAmount": 497.004759,
        "baseSymbol": "CWLUNC",
        "executionType": "direct",
        "pairId": "astro-cwlunc",
        "price": 6.870981606406293,
        "sourceContract": "terra1nujm9zqa4hpaz9s8wrhrp86h3m9xwprjt9kmf9",
        "sourcePairId": "astro-cwlunc-ref-1",
        "sourceType": "reference",
        "timestamp": "2026-05-21T19:50:03Z",
        "tokenAmount": 72.33388,
        "tokenSymbol": "ASTRO",
        "txhash": "6987485C7A9DE0993A996714AF97114BE3F24B19974A42710C67630DA1F45985",
        "type": "SELL",
        "value": 497.004759,
        "wallet": "terra1w8jq62aktlmn8z0fks36llquvfs040clr755hz"
      },
      {
        "amount": 72.33388,
        "baseAmount": 500.0,
        "baseSymbol": "CWLUNC",
        "executionType": "direct",
        "pairId": "astro-cwlunc",
        "price": 6.912390155208044,
        "sourceContract": "terra1nujm9zqa4hpaz9s8wrhrp86h3m9xwprjt9kmf9",
        "sourcePairId": "astro-cwlunc-ref-1",
        "sourceType": "reference",
        "timestamp": "2026-05-21T19:49:57Z",
        "tokenAmount": 72.33388,
        "tokenSymbol": "ASTRO",
        "txhash": "B0F13C28C83363E8089A01E39F5619CBF66033929F38A3B8C5385C039BBFBA47",
        "type": "BUY",
        "value": 500.0,
        "wallet": "terra1w8jq62aktlmn8z0fks36llquvfs040clr755hz"
      },
      {
        "amount": 72.334105,
        "baseAmount": 497.004758,
        "baseSymbol": "CWLUNC",
        "executionType": "direct",
        "pairId": "astro-cwlunc",
        "price": 6.870960219940511,
        "sourceContract": "terra1nujm9zqa4hpaz9s8wrhrp86h3m9xwprjt9kmf9",
        "sourcePairId": "astro-cwlunc-ref-1",
        "sourceType": "reference",
        "timestamp": "2026-05-21T19:49:52Z",
        "tokenAmount": 72.334105,
        "tokenSymbol": "ASTRO",
        "txhash": "E24B73E9D77D204EA8F8588B1CBC31BF3E2384D373D4DB5C68602A086A7D0AC0",
        "type": "SELL",
        "value": 497.004758,
        "wallet": "terra1w8jq62aktlmn8z0fks36llquvfs040clr755hz"
      },
      {
        "amount": 72.334105,
        "baseAmount": 500.0,
        "baseSymbol": "CWLUNC",
        "executionType": "direct",
        "pairId": "astro-cwlunc",
        "price": 6.91236865376298,
        "sourceContract": "terra1nujm9zqa4hpaz9s8wrhrp86h3m9xwprjt9kmf9",
        "sourcePairId": "astro-cwlunc-ref-1",
        "sourceType": "reference",
        "timestamp": "2026-05-21T19:49:46Z",
        "tokenAmount": 72.334105,
        "tokenSymbol": "ASTRO",
        "txhash": "AC6302C362EE811E38BCB124197AB98561EB1174F2ABA4C460CEA8EB67264C5E",
        "type": "BUY",
        "value": 500.0,
        "wallet": "terra1w8jq62aktlmn8z0fks36llquvfs040clr755hz"
      },
      {
        "amount": 72.334331,
        "baseAmount": 497.004764,
        "baseSymbol": "CWLUNC",
        "executionType": "direct",
        "pairId": "astro-cwlunc",
        "price": 6.870938835392008,
        "sourceContract": "terra1nujm9zqa4hpaz9s8wrhrp86h3m9xwprjt9kmf9",
        "sourcePairId": "astro-cwlunc-ref-1",
        "sourceType": "reference",
        "timestamp": "2026-05-21T19:49:34Z",
        "tokenAmount": 72.334331,
        "tokenSymbol": "ASTRO",
        "txhash": "826CB1284D3CCCA1E166E6021FC426A16E87072CF22BBEFD687FCB87705D3AB6",
        "type": "SELL",
        "value": 497.004764,
        "wallet": "terra1w8jq62aktlmn8z0fks36llquvfs040clr755hz"
      },
      {
        "amount": 72.334331,
        "baseAmount": 500.0,
        "baseSymbol": "CWLUNC",
        "executionType": "direct",
        "pairId": "astro-cwlunc",
        "price": 6.912347056890592,
        "sourceContract": "terra1nujm9zqa4hpaz9s8wrhrp86h3m9xwprjt9kmf9",
        "sourcePairId": "astro-cwlunc-ref-1",
        "sourceType": "reference",
        "timestamp": "2026-05-21T19:49:28Z",
        "tokenAmount": 72.334331,
        "tokenSymbol": "ASTRO",
        "txhash": "109CABF3EEEB793B02305A8C9C3B762C077239D7A06F0ABB7F741CD415E772FA",
        "type": "BUY",
        "value": 500.0,
        "wallet": "terra1w8jq62aktlmn8z0fks36llquvfs040clr755hz"
      },
      {
        "amount": 72.334555,
        "baseAmount": 497.004756,
        "baseSymbol": "CWLUNC",
        "executionType": "direct",
        "pairId": "astro-cwlunc",
        "price": 6.870917447408089,
        "sourceContract": "terra1nujm9zqa4hpaz9s8wrhrp86h3m9xwprjt9kmf9",
        "sourcePairId": "astro-cwlunc-ref-1",
        "sourceType": "reference",
        "timestamp": "2026-05-21T19:49:22Z",
        "tokenAmount": 72.334555,
        "tokenSymbol": "ASTRO",
        "txhash": "EBF4FF9E39555BE3D48029651CE5D1B018AA42DDB6924157CA42265B4D36603C",
        "type": "SELL",
        "value": 497.004756,
        "wallet": "terra1w8jq62aktlmn8z0fks36llquvfs040clr755hz"
      },
      {
        "amount": 72.334555,
        "baseAmount": 500.0,
        "baseSymbol": "CWLUNC",
        "executionType": "direct",
        "pairId": "astro-cwlunc",
        "price": 6.91232565127414,
        "sourceContract": "terra1nujm9zqa4hpaz9s8wrhrp86h3m9xwprjt9kmf9",
        "sourcePairId": "astro-cwlunc-ref-1",
        "sourceType": "reference",
        "timestamp": "2026-05-21T19:49:16Z",
        "tokenAmount": 72.334555,
        "tokenSymbol": "ASTRO",
        "txhash": "FE3044A79F52698E39285883563CC00FEA96A318EA93C2610F2C09BCA814FD3D",
        "type": "BUY",
        "value": 500.0,
        "wallet": "terra1w8jq62aktlmn8z0fks36llquvfs040clr755hz"
      },
      {
        "amount": 72.33478,
        "baseAmount": 497.004755,
        "baseSymbol": "CWLUNC",
        "executionType": "direct",
        "pairId": "astro-cwlunc",
        "price": 6.870896061341447,
        "sourceContract": "terra1nujm9zqa4hpaz9s8wrhrp86h3m9xwprjt9kmf9",
        "sourcePairId": "astro-cwlunc-ref-1",
        "sourceType": "reference",
        "timestamp": "2026-05-21T19:49:04Z",
        "tokenAmount": 72.33478,
        "tokenSymbol": "ASTRO",
        "txhash": "C52EB7F93BF651FC31EC2E1023ED6A7E224B6C980EB18A8B7BC8C0E7A2E9CF59",
        "type": "SELL",
        "value": 497.004755,
        "wallet": "terra1w8jq62aktlmn8z0fks36llquvfs040clr755hz"
      },
      {
        "amount": 72.33478,
        "baseAmount": 500.0,
        "baseSymbol": "CWLUNC",
        "executionType": "direct",
        "pairId": "astro-cwlunc",
        "price": 6.9123041502303595,
        "sourceContract": "terra1nujm9zqa4hpaz9s8wrhrp86h3m9xwprjt9kmf9",
        "sourcePairId": "astro-cwlunc-ref-1",
        "sourceType": "reference",
        "timestamp": "2026-05-21T19:48:58Z",
        "tokenAmount": 72.33478,
        "tokenSymbol": "ASTRO",
        "txhash": "C73480468ED74090BDD532A4679A1C34543B3240D1B4BE78B3C14A2024A7D4FE",
        "type": "BUY",
        "value": 500.0,
        "wallet": "terra1w8jq62aktlmn8z0fks36llquvfs040clr755hz"
      },
      {
        "amount": 72.335006,
        "baseAmount": 497.004761,
        "baseSymbol": "CWLUNC",
        "executionType": "direct",
        "pairId": "astro-cwlunc",
        "price": 6.870874677192948,
        "sourceContract": "terra1nujm9zqa4hpaz9s8wrhrp86h3m9xwprjt9kmf9",
        "sourcePairId": "astro-cwlunc-ref-1",
        "sourceType": "reference",
        "timestamp": "2026-05-21T19:48:52Z",
        "tokenAmount": 72.335006,
        "tokenSymbol": "ASTRO",
        "txhash": "C0C1A98DEE80263B9726D6653359254CC50B1C97195F663A55598A4D6285BAFC",
        "type": "SELL",
        "value": 497.004761,
        "wallet": "terra1w8jq62aktlmn8z0fks36llquvfs040clr755hz"
      },
      {
        "amount": 72.335006,
        "baseAmount": 500.0,
        "baseSymbol": "CWLUNC",
        "executionType": "direct",
        "pairId": "astro-cwlunc",
        "price": 6.912282553761037,
        "sourceContract": "terra1nujm9zqa4hpaz9s8wrhrp86h3m9xwprjt9kmf9",
        "sourcePairId": "astro-cwlunc-ref-1",
        "sourceType": "reference",
        "timestamp": "2026-05-21T19:48:46Z",
        "tokenAmount": 72.335006,
        "tokenSymbol": "ASTRO",
        "txhash": "5033D1AF5CD35D14E81C5550D2FEA9669C5BE5128A8A0AE0CDF4D67E097885E0",
        "type": "BUY",
        "value": 500.0,
        "wallet": "terra1w8jq62aktlmn8z0fks36llquvfs040clr755hz"
      },
      {
        "amount": 72.335231,
        "baseAmount": 497.004759,
        "baseSymbol": "CWLUNC",
        "executionType": "direct",
        "pairId": "astro-cwlunc",
        "price": 6.870853277568161,
        "sourceContract": "terra1nujm9zqa4hpaz9s8wrhrp86h3m9xwprjt9kmf9",
        "sourcePairId": "astro-cwlunc-ref-1",
        "sourceType": "reference",
        "timestamp": "2026-05-21T19:48:28Z",
        "tokenAmount": 72.335231,
        "tokenSymbol": "ASTRO",
        "txhash": "D2109B9D06019AFF6283DD76E3E4EF5FCC91DB494A9427EFC4119AAF3D53F8D1",
        "type": "SELL",
        "value": 497.004759,
        "wallet": "terra1w8jq62aktlmn8z0fks36llquvfs040clr755hz"
      }
    ],
    "astro-cwustc": [
      {
        "amount": 15.0,
        "baseAmount": 158.615229,
        "baseSymbol": "CWUSTC",
        "executionType": "routed",
        "pairId": "astro-cwustc",
        "price": 10.5743486,
        "sourceContract": "terra1nynrxdccq0r9ghrz0sq7tjkkh8wug0ggg4lkzsags8r9dyhf7ypqx5gsr8",
        "sourcePairId": "astro-cwustc",
        "sourceType": "routed",
        "timestamp": "2026-04-13T19:56:36Z",
        "tokenAmount": 15.0,
        "tokenSymbol": "ASTRO",
        "txhash": "9B15978F01A8088EFF0D62DEE8AD8E611BDE4E0D9FF0900DB57DFDF0D369BEB6",
        "type": "SWAP",
        "value": 158.615229,
        "wallet": ""
      }
    ],
    "astro-lunc": [
      {
        "amount": 500.0,
        "baseAmount": 171.872827,
        "baseSymbol": "LUNC",
        "executionType": "routed",
        "pairId": "astro-lunc",
        "price": 0.343745654,
        "sourceContract": "terra1nynrxdccq0r9ghrz0sq7tjkkh8wug0ggg4lkzsags8r9dyhf7ypqx5gsr8",
        "sourcePairId": "astro-lunc",
        "sourceType": "routed",
        "timestamp": "2026-05-21T18:54:07Z",
        "tokenAmount": 500.0,
        "tokenSymbol": "ASTRO",
        "txhash": "82BDDDB23C2A220F3F0C2A2AC8604841A74731C5CFDBE03DC51C5F314E1800CC",
        "type": "SWAP",
        "value": 171.872827,
        "wallet": ""
      },
      {
        "amount": 171.872827,
        "baseAmount": 1184.202585,
        "baseSymbol": "LUNC",
        "executionType": "routed",
        "pairId": "astro-lunc",
        "price": 6.889993058646787,
        "sourceContract": "terra1nynrxdccq0r9ghrz0sq7tjkkh8wug0ggg4lkzsags8r9dyhf7ypqx5gsr8",
        "sourcePairId": "astro-lunc",
        "sourceType": "routed",
        "timestamp": "2026-05-21T18:53:55Z",
        "tokenAmount": 171.872827,
        "tokenSymbol": "ASTRO",
        "txhash": "27500B76A23E3A66A6547FC99FB2AE365A1A45D5980B07740D1E5B96401D2205",
        "type": "SWAP",
        "value": 1184.202585,
        "wallet": ""
      },
      {
        "amount": 500.0,
        "baseAmount": 171.872827,
        "baseSymbol": "LUNC",
        "executionType": "routed",
        "pairId": "astro-lunc",
        "price": 0.343745654,
        "sourceContract": "terra1nynrxdccq0r9ghrz0sq7tjkkh8wug0ggg4lkzsags8r9dyhf7ypqx5gsr8",
        "sourcePairId": "astro-lunc",
        "sourceType": "routed",
        "timestamp": "2026-05-21T18:51:52Z",
        "tokenAmount": 500.0,
        "tokenSymbol": "ASTRO",
        "txhash": "65EAD471A3D4598C8D0231C3BD86308ECA79D68A8D95B4642175F6EF0D207D84",
        "type": "SWAP",
        "value": 171.872827,
        "wallet": ""
      },
      {
        "amount": 171.872827,
        "baseAmount": 1184.202585,
        "baseSymbol": "LUNC",
        "executionType": "routed",
        "pairId": "astro-lunc",
        "price": 6.889993058646787,
        "sourceContract": "terra1nynrxdccq0r9ghrz0sq7tjkkh8wug0ggg4lkzsags8r9dyhf7ypqx5gsr8",
        "sourcePairId": "astro-lunc",
        "sourceType": "routed",
        "timestamp": "2026-05-21T18:51:46Z",
        "tokenAmount": 171.872827,
        "tokenSymbol": "ASTRO",
        "txhash": "B1B093F8E74D1EC888F829A1892A21EB22040892CF6D5963419487C00827DD47",
        "type": "SWAP",
        "value": 1184.202585,
        "wallet": ""
      },
      {
        "amount": 500.0,
        "baseAmount": 171.872827,
        "baseSymbol": "LUNC",
        "executionType": "routed",
        "pairId": "astro-lunc",
        "price": 0.343745654,
        "sourceContract": "terra1nynrxdccq0r9ghrz0sq7tjkkh8wug0ggg4lkzsags8r9dyhf7ypqx5gsr8",
        "sourcePairId": "astro-lunc",
        "sourceType": "routed",
        "timestamp": "2026-05-21T18:51:40Z",
        "tokenAmount": 500.0,
        "tokenSymbol": "ASTRO",
        "txhash": "390301DD11D13D63A9D827764CE957EE853CFCCB579E52E2541B173E6D0E28AD",
        "type": "SWAP",
        "value": 171.872827,
        "wallet": ""
      },
      {
        "amount": 173.488361,
        "baseAmount": 1169.174607,
        "baseSymbol": "LUNC",
        "executionType": "routed",
        "pairId": "astro-lunc",
        "price": 6.739210632118428,
        "sourceContract": "terra1nynrxdccq0r9ghrz0sq7tjkkh8wug0ggg4lkzsags8r9dyhf7ypqx5gsr8",
        "sourcePairId": "astro-lunc",
        "sourceType": "routed",
        "timestamp": "2026-05-21T18:51:28Z",
        "tokenAmount": 173.488361,
        "tokenSymbol": "ASTRO",
        "txhash": "62FE849625F29C8E31569694D11068881F229D51F0612CF64A6BE6D5F6B4430E",
        "type": "SWAP",
        "value": 1169.174607,
        "wallet": ""
      },
      {
        "amount": 500.0,
        "baseAmount": 173.488361,
        "baseSymbol": "LUNC",
        "executionType": "routed",
        "pairId": "astro-lunc",
        "price": 0.346976722,
        "sourceContract": "terra1nynrxdccq0r9ghrz0sq7tjkkh8wug0ggg4lkzsags8r9dyhf7ypqx5gsr8",
        "sourcePairId": "astro-lunc",
        "sourceType": "routed",
        "timestamp": "2026-05-21T18:51:22Z",
        "tokenAmount": 500.0,
        "tokenSymbol": "ASTRO",
        "txhash": "FD605EAB11B7C00BCBF69DA4B266C831A55636081800C54307EAD05000456019",
        "type": "SWAP",
        "value": 173.488361,
        "wallet": ""
      },
      {
        "amount": 172.002748,
        "baseAmount": 1182.969073,
        "baseSymbol": "LUNC",
        "executionType": "routed",
        "pairId": "astro-lunc",
        "price": 6.877617286672653,
        "sourceContract": "terra1nynrxdccq0r9ghrz0sq7tjkkh8wug0ggg4lkzsags8r9dyhf7ypqx5gsr8",
        "sourcePairId": "astro-lunc",
        "sourceType": "routed",
        "timestamp": "2026-05-21T18:51:16Z",
        "tokenAmount": 172.002748,
        "tokenSymbol": "ASTRO",
        "txhash": "E710C8B5142E4E89767945AAE72FA2B64594F13C9641A5E102D53A51A50FD299",
        "type": "SWAP",
        "value": 1182.969073,
        "wallet": ""
      },
      {
        "amount": 500.0,
        "baseAmount": 172.002748,
        "baseSymbol": "LUNC",
        "executionType": "routed",
        "pairId": "astro-lunc",
        "price": 0.34400549599999997,
        "sourceContract": "terra1nynrxdccq0r9ghrz0sq7tjkkh8wug0ggg4lkzsags8r9dyhf7ypqx5gsr8",
        "sourcePairId": "astro-lunc",
        "sourceType": "routed",
        "timestamp": "2026-05-21T18:51:10Z",
        "tokenAmount": 500.0,
        "tokenSymbol": "ASTRO",
        "txhash": "D6A23F33618CA0BDE5D903643443FF9143A07D5E9141998AC421F2274CEB1102",
        "type": "SWAP",
        "value": 172.002748,
        "wallet": ""
      },
      {
        "amount": 172.002748,
        "baseAmount": 1182.969073,
        "baseSymbol": "LUNC",
        "executionType": "routed",
        "pairId": "astro-lunc",
        "price": 6.877617286672653,
        "sourceContract": "terra1nynrxdccq0r9ghrz0sq7tjkkh8wug0ggg4lkzsags8r9dyhf7ypqx5gsr8",
        "sourcePairId": "astro-lunc",
        "sourceType": "routed",
        "timestamp": "2026-05-21T18:50:46Z",
        "tokenAmount": 172.002748,
        "tokenSymbol": "ASTRO",
        "txhash": "8FB324C49F4EB28BA50810491DF30E2AE3CB8E819D6EB40EC6B403819AEDC373",
        "type": "SWAP",
        "value": 1182.969073,
        "wallet": ""
      },
      {
        "amount": 500.0,
        "baseAmount": 172.002748,
        "baseSymbol": "LUNC",
        "executionType": "routed",
        "pairId": "astro-lunc",
        "price": 0.34400549599999997,
        "sourceContract": "terra1nynrxdccq0r9ghrz0sq7tjkkh8wug0ggg4lkzsags8r9dyhf7ypqx5gsr8",
        "sourcePairId": "astro-lunc",
        "sourceType": "routed",
        "timestamp": "2026-05-21T18:50:41Z",
        "tokenAmount": 500.0,
        "tokenSymbol": "ASTRO",
        "txhash": "00F903EBAC77A913AE2B199647F0F1EAA7B9973E2C6C3316DB8DB8EEF0C08D7E",
        "type": "SWAP",
        "value": 172.002748,
        "wallet": ""
      },
      {
        "amount": 172.002748,
        "baseAmount": 1182.969073,
        "baseSymbol": "LUNC",
        "executionType": "routed",
        "pairId": "astro-lunc",
        "price": 6.877617286672653,
        "sourceContract": "terra1nynrxdccq0r9ghrz0sq7tjkkh8wug0ggg4lkzsags8r9dyhf7ypqx5gsr8",
        "sourcePairId": "astro-lunc",
        "sourceType": "routed",
        "timestamp": "2026-05-21T18:50:29Z",
        "tokenAmount": 172.002748,
        "tokenSymbol": "ASTRO",
        "txhash": "47AC8248B2349659A74FD04F7E847F1736F8DF83C8ECC2CEF344F144349C25E4",
        "type": "SWAP",
        "value": 1182.969073,
        "wallet": ""
      },
      {
        "amount": 500.0,
        "baseAmount": 172.002748,
        "baseSymbol": "LUNC",
        "executionType": "routed",
        "pairId": "astro-lunc",
        "price": 0.34400549599999997,
        "sourceContract": "terra1nynrxdccq0r9ghrz0sq7tjkkh8wug0ggg4lkzsags8r9dyhf7ypqx5gsr8",
        "sourcePairId": "astro-lunc",
        "sourceType": "routed",
        "timestamp": "2026-05-21T18:50:23Z",
        "tokenAmount": 500.0,
        "tokenSymbol": "ASTRO",
        "txhash": "16BE2D1D2FAFD6C97EFDC41F9B7466240A63C715E000D8AC14A1969DE7A70C97",
        "type": "SWAP",
        "value": 172.002748,
        "wallet": ""
      },
      {
        "amount": 172.002748,
        "baseAmount": 1182.969073,
        "baseSymbol": "LUNC",
        "executionType": "routed",
        "pairId": "astro-lunc",
        "price": 6.877617286672653,
        "sourceContract": "terra1nynrxdccq0r9ghrz0sq7tjkkh8wug0ggg4lkzsags8r9dyhf7ypqx5gsr8",
        "sourcePairId": "astro-lunc",
        "sourceType": "routed",
        "timestamp": "2026-05-21T18:50:11Z",
        "tokenAmount": 172.002748,
        "tokenSymbol": "ASTRO",
        "txhash": "762DA004DC7C581431047D13E978A28A77515A777ECB586D9B6E870C2316E400",
        "type": "SWAP",
        "value": 1182.969073,
        "wallet": ""
      },
      {
        "amount": 500.0,
        "baseAmount": 172.002748,
        "baseSymbol": "LUNC",
        "executionType": "routed",
        "pairId": "astro-lunc",
        "price": 0.34400549599999997,
        "sourceContract": "terra1nynrxdccq0r9ghrz0sq7tjkkh8wug0ggg4lkzsags8r9dyhf7ypqx5gsr8",
        "sourcePairId": "astro-lunc",
        "sourceType": "routed",
        "timestamp": "2026-05-21T18:50:05Z",
        "tokenAmount": 500.0,
        "tokenSymbol": "ASTRO",
        "txhash": "BFC24A2BC32BA49D68FAE7348065A04B9B9193E5D789A5FEBE6DBF4C6AC07128",
        "type": "SWAP",
        "value": 172.002748,
        "wallet": ""
      },
      {
        "amount": 172.002748,
        "baseAmount": 1182.969073,
        "baseSymbol": "LUNC",
        "executionType": "routed",
        "pairId": "astro-lunc",
        "price": 6.877617286672653,
        "sourceContract": "terra1nynrxdccq0r9ghrz0sq7tjkkh8wug0ggg4lkzsags8r9dyhf7ypqx5gsr8",
        "sourcePairId": "astro-lunc",
        "sourceType": "routed",
        "timestamp": "2026-05-21T18:50:00Z",
        "tokenAmount": 172.002748,
        "tokenSymbol": "ASTRO",
        "txhash": "FE5BFB6E4AB8792293E418FD65AD36B019C76098E01EB56ABD43BF16EAE287A5",
        "type": "SWAP",
        "value": 1182.969073,
        "wallet": ""
      },
      {
        "amount": 500.0,
        "baseAmount": 172.002748,
        "baseSymbol": "LUNC",
        "executionType": "routed",
        "pairId": "astro-lunc",
        "price": 0.34400549599999997,
        "sourceContract": "terra1nynrxdccq0r9ghrz0sq7tjkkh8wug0ggg4lkzsags8r9dyhf7ypqx5gsr8",
        "sourcePairId": "astro-lunc",
        "sourceType": "routed",
        "timestamp": "2026-05-21T18:49:54Z",
        "tokenAmount": 500.0,
        "tokenSymbol": "ASTRO",
        "txhash": "078F1D14B9BE061DB9F9860D89B2C910B7CAD1580D39FAFC3E3DBCBC0A6DD554",
        "type": "SWAP",
        "value": 172.002748,
        "wallet": ""
      },
      {
        "amount": 172.002748,
        "baseAmount": 1182.969073,
        "baseSymbol": "LUNC",
        "executionType": "routed",
        "pairId": "astro-lunc",
        "price": 6.877617286672653,
        "sourceContract": "terra1nynrxdccq0r9ghrz0sq7tjkkh8wug0ggg4lkzsags8r9dyhf7ypqx5gsr8",
        "sourcePairId": "astro-lunc",
        "sourceType": "routed",
        "timestamp": "2026-05-21T18:49:42Z",
        "tokenAmount": 172.002748,
        "tokenSymbol": "ASTRO",
        "txhash": "AD216B28B4E3070B06A3BB2CC6A48155D8011DE9014645C62857199F93D5DA02",
        "type": "SWAP",
        "value": 1182.969073,
        "wallet": ""
      },
      {
        "amount": 500.0,
        "baseAmount": 172.002748,
        "baseSymbol": "LUNC",
        "executionType": "routed",
        "pairId": "astro-lunc",
        "price": 0.34400549599999997,
        "sourceContract": "terra1nynrxdccq0r9ghrz0sq7tjkkh8wug0ggg4lkzsags8r9dyhf7ypqx5gsr8",
        "sourcePairId": "astro-lunc",
        "sourceType": "routed",
        "timestamp": "2026-05-21T18:49:36Z",
        "tokenAmount": 500.0,
        "tokenSymbol": "ASTRO",
        "txhash": "2BC43B3D23CDC71BFEACB7961E1B312CF0680DCBBA2F6B8613794A7AFC838C3C",
        "type": "SWAP",
        "value": 172.002748,
        "wallet": ""
      },
      {
        "amount": 172.002748,
        "baseAmount": 1182.969073,
        "baseSymbol": "LUNC",
        "executionType": "routed",
        "pairId": "astro-lunc",
        "price": 6.877617286672653,
        "sourceContract": "terra1nynrxdccq0r9ghrz0sq7tjkkh8wug0ggg4lkzsags8r9dyhf7ypqx5gsr8",
        "sourcePairId": "astro-lunc",
        "sourceType": "routed",
        "timestamp": "2026-05-21T18:49:30Z",
        "tokenAmount": 172.002748,
        "tokenSymbol": "ASTRO",
        "txhash": "DC9A2E2827E2E8D4D15568E891735F1C9D969D9E238C456B0854FC4491C251DE",
        "type": "SWAP",
        "value": 1182.969073,
        "wallet": ""
      },
      {
        "amount": 500.0,
        "baseAmount": 172.002748,
        "baseSymbol": "LUNC",
        "executionType": "routed",
        "pairId": "astro-lunc",
        "price": 0.34400549599999997,
        "sourceContract": "terra1nynrxdccq0r9ghrz0sq7tjkkh8wug0ggg4lkzsags8r9dyhf7ypqx5gsr8",
        "sourcePairId": "astro-lunc",
        "sourceType": "routed",
        "timestamp": "2026-05-21T18:49:24Z",
        "tokenAmount": 500.0,
        "tokenSymbol": "ASTRO",
        "txhash": "CE2DBB225BE69A99431EFDB31703141CAC4D0440390D1716D4CB1A47B39B65AE",
        "type": "SWAP",
        "value": 172.002748,
        "wallet": ""
      },
      {
        "amount": 172.002748,
        "baseAmount": 1182.969073,
        "baseSymbol": "LUNC",
        "executionType": "routed",
        "pairId": "astro-lunc",
        "price": 6.877617286672653,
        "sourceContract": "terra1nynrxdccq0r9ghrz0sq7tjkkh8wug0ggg4lkzsags8r9dyhf7ypqx5gsr8",
        "sourcePairId": "astro-lunc",
        "sourceType": "routed",
        "timestamp": "2026-05-21T18:49:13Z",
        "tokenAmount": 172.002748,
        "tokenSymbol": "ASTRO",
        "txhash": "74C870D4174899D5F158188DBF3A7027698E9735755AA8F9DD3593633872C2A3",
        "type": "SWAP",
        "value": 1182.969073,
        "wallet": ""
      },
      {
        "amount": 500.0,
        "baseAmount": 172.002748,
        "baseSymbol": "LUNC",
        "executionType": "routed",
        "pairId": "astro-lunc",
        "price": 0.34400549599999997,
        "sourceContract": "terra1nynrxdccq0r9ghrz0sq7tjkkh8wug0ggg4lkzsags8r9dyhf7ypqx5gsr8",
        "sourcePairId": "astro-lunc",
        "sourceType": "routed",
        "timestamp": "2026-05-21T18:49:07Z",
        "tokenAmount": 500.0,
        "tokenSymbol": "ASTRO",
        "txhash": "4C1738BC4000F5A1425EA9458F463D3C57C1613339C08D1A03A76A8465FDF8F4",
        "type": "SWAP",
        "value": 172.002748,
        "wallet": ""
      },
      {
        "amount": 172.002748,
        "baseAmount": 1182.969073,
        "baseSymbol": "LUNC",
        "executionType": "routed",
        "pairId": "astro-lunc",
        "price": 6.877617286672653,
        "sourceContract": "terra1nynrxdccq0r9ghrz0sq7tjkkh8wug0ggg4lkzsags8r9dyhf7ypqx5gsr8",
        "sourcePairId": "astro-lunc",
        "sourceType": "routed",
        "timestamp": "2026-05-21T18:48:55Z",
        "tokenAmount": 172.002748,
        "tokenSymbol": "ASTRO",
        "txhash": "C5809784F1BB2E500E113F2ECCD1C2F438E38F47B21847DB8DD7477656953873",
        "type": "SWAP",
        "value": 1182.969073,
        "wallet": ""
      },
      {
        "amount": 500.0,
        "baseAmount": 172.002748,
        "baseSymbol": "LUNC",
        "executionType": "routed",
        "pairId": "astro-lunc",
        "price": 0.34400549599999997,
        "sourceContract": "terra1nynrxdccq0r9ghrz0sq7tjkkh8wug0ggg4lkzsags8r9dyhf7ypqx5gsr8",
        "sourcePairId": "astro-lunc",
        "sourceType": "routed",
        "timestamp": "2026-05-21T18:48:37Z",
        "tokenAmount": 500.0,
        "tokenSymbol": "ASTRO",
        "txhash": "2BEFABBA88AD258B5551C26C3B87839FF321B403616D0EDC6906BEFF72170843",
        "type": "SWAP",
        "value": 172.002748,
        "wallet": ""
      },
      {
        "amount": 172.002748,
        "baseAmount": 1182.969073,
        "baseSymbol": "LUNC",
        "executionType": "routed",
        "pairId": "astro-lunc",
        "price": 6.877617286672653,
        "sourceContract": "terra1nynrxdccq0r9ghrz0sq7tjkkh8wug0ggg4lkzsags8r9dyhf7ypqx5gsr8",
        "sourcePairId": "astro-lunc",
        "sourceType": "routed",
        "timestamp": "2026-05-21T18:48:25Z",
        "tokenAmount": 172.002748,
        "tokenSymbol": "ASTRO",
        "txhash": "15CB5976E337FF707942BBCBE3A0698843ED71F43EAEA880BA55EB5AF9642869",
        "type": "SWAP",
        "value": 1182.969073,
        "wallet": ""
      },
      {
        "amount": 500.0,
        "baseAmount": 172.002748,
        "baseSymbol": "LUNC",
        "executionType": "routed",
        "pairId": "astro-lunc",
        "price": 0.34400549599999997,
        "sourceContract": "terra1nynrxdccq0r9ghrz0sq7tjkkh8wug0ggg4lkzsags8r9dyhf7ypqx5gsr8",
        "sourcePairId": "astro-lunc",
        "sourceType": "routed",
        "timestamp": "2026-05-21T18:48:20Z",
        "tokenAmount": 500.0,
        "tokenSymbol": "ASTRO",
        "txhash": "B9A9C8DAFBF412565297B6C09BC45FFE6354EF6D96A2898783DEF7CE087C45FA",
        "type": "SWAP",
        "value": 172.002748,
        "wallet": ""
      },
      {
        "amount": 172.002748,
        "baseAmount": 1182.969073,
        "baseSymbol": "LUNC",
        "executionType": "routed",
        "pairId": "astro-lunc",
        "price": 6.877617286672653,
        "sourceContract": "terra1nynrxdccq0r9ghrz0sq7tjkkh8wug0ggg4lkzsags8r9dyhf7ypqx5gsr8",
        "sourcePairId": "astro-lunc",
        "sourceType": "routed",
        "timestamp": "2026-05-21T18:48:14Z",
        "tokenAmount": 172.002748,
        "tokenSymbol": "ASTRO",
        "txhash": "833510D871D795E98FC4F7A40426352D3A7879D426959775C1BB4ED3C1CE47D2",
        "type": "SWAP",
        "value": 1182.969073,
        "wallet": ""
      },
      {
        "amount": 500.0,
        "baseAmount": 172.002748,
        "baseSymbol": "LUNC",
        "executionType": "routed",
        "pairId": "astro-lunc",
        "price": 0.34400549599999997,
        "sourceContract": "terra1nynrxdccq0r9ghrz0sq7tjkkh8wug0ggg4lkzsags8r9dyhf7ypqx5gsr8",
        "sourcePairId": "astro-lunc",
        "sourceType": "routed",
        "timestamp": "2026-05-21T18:48:08Z",
        "tokenAmount": 500.0,
        "tokenSymbol": "ASTRO",
        "txhash": "F573B85942B5B11F298E648BC0E6495818981F046777A5C8E8AA2A8A26A44A07",
        "type": "SWAP",
        "value": 172.002748,
        "wallet": ""
      },
      {
        "amount": 172.002748,
        "baseAmount": 1182.969073,
        "baseSymbol": "LUNC",
        "executionType": "routed",
        "pairId": "astro-lunc",
        "price": 6.877617286672653,
        "sourceContract": "terra1nynrxdccq0r9ghrz0sq7tjkkh8wug0ggg4lkzsags8r9dyhf7ypqx5gsr8",
        "sourcePairId": "astro-lunc",
        "sourceType": "routed",
        "timestamp": "2026-05-21T18:47:56Z",
        "tokenAmount": 172.002748,
        "tokenSymbol": "ASTRO",
        "txhash": "39DC9669C6651D29E70E88B42ADC61872FB88122B94169FD4253D01A96F83661",
        "type": "SWAP",
        "value": 1182.969073,
        "wallet": ""
      },
      {
        "amount": 500.0,
        "baseAmount": 172.002748,
        "baseSymbol": "LUNC",
        "executionType": "routed",
        "pairId": "astro-lunc",
        "price": 0.34400549599999997,
        "sourceContract": "terra1nynrxdccq0r9ghrz0sq7tjkkh8wug0ggg4lkzsags8r9dyhf7ypqx5gsr8",
        "sourcePairId": "astro-lunc",
        "sourceType": "routed",
        "timestamp": "2026-05-21T18:47:50Z",
        "tokenAmount": 500.0,
        "tokenSymbol": "ASTRO",
        "txhash": "1126FBF46746AA1C69BD6F6E43304CFC98D50DCE29008F370A9215C4AE43CEFA",
        "type": "SWAP",
        "value": 172.002748,
        "wallet": ""
      },
      {
        "amount": 172.002748,
        "baseAmount": 1182.969073,
        "baseSymbol": "LUNC",
        "executionType": "routed",
        "pairId": "astro-lunc",
        "price": 6.877617286672653,
        "sourceContract": "terra1nynrxdccq0r9ghrz0sq7tjkkh8wug0ggg4lkzsags8r9dyhf7ypqx5gsr8",
        "sourcePairId": "astro-lunc",
        "sourceType": "routed",
        "timestamp": "2026-05-21T18:47:44Z",
        "tokenAmount": 172.002748,
        "tokenSymbol": "ASTRO",
        "txhash": "D70CE809FB67FBCF5623E8E4C4D2D3DCAF805298FBF746446BF2D877ECFE7867",
        "type": "SWAP",
        "value": 1182.969073,
        "wallet": ""
      },
      {
        "amount": 500.0,
        "baseAmount": 172.002748,
        "baseSymbol": "LUNC",
        "executionType": "routed",
        "pairId": "astro-lunc",
        "price": 0.34400549599999997,
        "sourceContract": "terra1nynrxdccq0r9ghrz0sq7tjkkh8wug0ggg4lkzsags8r9dyhf7ypqx5gsr8",
        "sourcePairId": "astro-lunc",
        "sourceType": "routed",
        "timestamp": "2026-05-21T18:47:39Z",
        "tokenAmount": 500.0,
        "tokenSymbol": "ASTRO",
        "txhash": "E36A0A4BD987207456B008DB52173FFFC514E2386E12A028C0C88E40EC0AB231",
        "type": "SWAP",
        "value": 172.002748,
        "wallet": ""
      },
      {
        "amount": 172.002748,
        "baseAmount": 1182.969073,
        "baseSymbol": "LUNC",
        "executionType": "routed",
        "pairId": "astro-lunc",
        "price": 6.877617286672653,
        "sourceContract": "terra1nynrxdccq0r9ghrz0sq7tjkkh8wug0ggg4lkzsags8r9dyhf7ypqx5gsr8",
        "sourcePairId": "astro-lunc",
        "sourceType": "routed",
        "timestamp": "2026-05-21T18:47:27Z",
        "tokenAmount": 172.002748,
        "tokenSymbol": "ASTRO",
        "txhash": "41723FE936C542B85CEF0C503ED426E1E58D90ACE7D16FB1CF7BB99C72F5FD74",
        "type": "SWAP",
        "value": 1182.969073,
        "wallet": ""
      },
      {
        "amount": 500.0,
        "baseAmount": 172.002748,
        "baseSymbol": "LUNC",
        "executionType": "routed",
        "pairId": "astro-lunc",
        "price": 0.34400549599999997,
        "sourceContract": "terra1nynrxdccq0r9ghrz0sq7tjkkh8wug0ggg4lkzsags8r9dyhf7ypqx5gsr8",
        "sourcePairId": "astro-lunc",
        "sourceType": "routed",
        "timestamp": "2026-05-21T18:47:21Z",
        "tokenAmount": 500.0,
        "tokenSymbol": "ASTRO",
        "txhash": "09BCF2BB5F73D8C32E1CB1F09844673EFD2D36D1CD91839F47BF6EE3BA685004",
        "type": "SWAP",
        "value": 172.002748,
        "wallet": ""
      },
      {
        "amount": 172.002748,
        "baseAmount": 1182.969073,
        "baseSymbol": "LUNC",
        "executionType": "routed",
        "pairId": "astro-lunc",
        "price": 6.877617286672653,
        "sourceContract": "terra1nynrxdccq0r9ghrz0sq7tjkkh8wug0ggg4lkzsags8r9dyhf7ypqx5gsr8",
        "sourcePairId": "astro-lunc",
        "sourceType": "routed",
        "timestamp": "2026-05-21T18:47:15Z",
        "tokenAmount": 172.002748,
        "tokenSymbol": "ASTRO",
        "txhash": "D58DAC2CBF0186083483E65AC3DA3869C5459D6FD2A5031E5B34004EB7602CE1",
        "type": "SWAP",
        "value": 1182.969073,
        "wallet": ""
      },
      {
        "amount": 500.0,
        "baseAmount": 172.002748,
        "baseSymbol": "LUNC",
        "executionType": "routed",
        "pairId": "astro-lunc",
        "price": 0.34400549599999997,
        "sourceContract": "terra1nynrxdccq0r9ghrz0sq7tjkkh8wug0ggg4lkzsags8r9dyhf7ypqx5gsr8",
        "sourcePairId": "astro-lunc",
        "sourceType": "routed",
        "timestamp": "2026-05-21T18:47:09Z",
        "tokenAmount": 500.0,
        "tokenSymbol": "ASTRO",
        "txhash": "B70D34E5DBB7BFF1D4211B184700E890F9B848E57F13B37A78596323BFF52066",
        "type": "SWAP",
        "value": 172.002748,
        "wallet": ""
      },
      {
        "amount": 172.002748,
        "baseAmount": 1182.969073,
        "baseSymbol": "LUNC",
        "executionType": "routed",
        "pairId": "astro-lunc",
        "price": 6.877617286672653,
        "sourceContract": "terra1nynrxdccq0r9ghrz0sq7tjkkh8wug0ggg4lkzsags8r9dyhf7ypqx5gsr8",
        "sourcePairId": "astro-lunc",
        "sourceType": "routed",
        "timestamp": "2026-05-21T18:46:57Z",
        "tokenAmount": 172.002748,
        "tokenSymbol": "ASTRO",
        "txhash": "CE79A98F38974473D76033ED23A46CE6F74C6E8294F2AEFAA94DA59128145DE5",
        "type": "SWAP",
        "value": 1182.969073,
        "wallet": ""
      },
      {
        "amount": 500.0,
        "baseAmount": 172.002748,
        "baseSymbol": "LUNC",
        "executionType": "routed",
        "pairId": "astro-lunc",
        "price": 0.34400549599999997,
        "sourceContract": "terra1nynrxdccq0r9ghrz0sq7tjkkh8wug0ggg4lkzsags8r9dyhf7ypqx5gsr8",
        "sourcePairId": "astro-lunc",
        "sourceType": "routed",
        "timestamp": "2026-05-21T18:46:51Z",
        "tokenAmount": 500.0,
        "tokenSymbol": "ASTRO",
        "txhash": "130265F0587E06342F0254584D61974DE50C5D1B28AEBDCB7C96CB4B94E9EF8B",
        "type": "SWAP",
        "value": 172.002748,
        "wallet": ""
      },
      {
        "amount": 173.621571,
        "baseAmount": 1193.998561,
        "baseSymbol": "LUNC",
        "executionType": "routed",
        "pairId": "astro-lunc",
        "price": 6.877017378215061,
        "sourceContract": "terra1nynrxdccq0r9ghrz0sq7tjkkh8wug0ggg4lkzsags8r9dyhf7ypqx5gsr8",
        "sourcePairId": "astro-lunc",
        "sourceType": "routed",
        "timestamp": "2026-05-21T18:46:46Z",
        "tokenAmount": 173.621571,
        "tokenSymbol": "ASTRO",
        "txhash": "2316B6905D0863890F5928A3EEC672F844BC4CBC3CFD7054F541A7F911EE36D9",
        "type": "SWAP",
        "value": 1193.998561,
        "wallet": ""
      },
      {
        "amount": 500.0,
        "baseAmount": 173.621571,
        "baseSymbol": "LUNC",
        "executionType": "routed",
