{
  "pairs": {
    "amplunc-cwlunc": [
      {
        "amount": 8830.496186,
        "baseAmount": 11954.750194,
        "baseSymbol": "CWLUNC",
        "executionType": "direct",
        "pairId": "amplunc-cwlunc",
        "price": 1.3538027696510688,
        "sourceContract": "terra12gkp648mkgj6esr5y6dwc2q4mftnfzk2pudka8",
        "sourcePairId": "amplunc-cwlunc-ref-1",
        "sourceType": "reference",
        "timestamp": "2026-05-18T15:41:05Z",
        "tokenAmount": 8830.496186,
        "tokenSymbol": "AMPLUNC",
        "txhash": "3139F9952859EF5C803973B70DFC9B7601731CDF5507C6047038404EA6550720",
        "type": "BUY",
        "value": 11954.750194,
        "wallet": "terra1g3zc8lwwmkrm0cz9wkgl849pdqaw6cq8lh7872"
      },
      {
        "amount": 8048.803611,
        "baseAmount": 10827.804254,
        "baseSymbol": "CWLUNC",
        "executionType": "direct",
        "pairId": "amplunc-cwlunc",
        "price": 1.345268784941161,
        "sourceContract": "terra12gkp648mkgj6esr5y6dwc2q4mftnfzk2pudka8",
        "sourcePairId": "amplunc-cwlunc-ref-1",
        "sourceType": "reference",
        "timestamp": "2026-05-18T15:39:26Z",
        "tokenAmount": 8048.803611,
        "tokenSymbol": "AMPLUNC",
        "txhash": "90388EDB0E17145937F0B52D15D9362FDC1CECF5773E382B72B5850874AE133C",
        "type": "SELL",
        "value": 10827.804254,
        "wallet": "terra1ydeh9exz82qrzw82ycjr6n462u5ldt8m8qt4rh"
      },
      {
        "amount": 7110.750932,
        "baseAmount": 9647.557934,
        "baseSymbol": "CWLUNC",
        "executionType": "direct",
        "pairId": "amplunc-cwlunc",
        "price": 1.3567565544426246,
        "sourceContract": "terra1r8k9pea8wmt93l703azhs82kpjva0cpq8tq5at",
        "sourcePairId": "amplunc-cwlunc-ref-3",
        "sourceType": "reference",
        "timestamp": "2026-05-17T02:12:55Z",
        "tokenAmount": 7110.750932,
        "tokenSymbol": "AMPLUNC",
        "txhash": "22A33356958B387D5DB9C8DAD395B53F5261F344328718D816341D34675C3EE0",
        "type": "SELL",
        "value": 9647.557934,
        "wallet": "terra1ydeh9exz82qrzw82ycjr6n462u5ldt8m8qt4rh"
      },
      {
        "amount": 8130.17508,
        "baseAmount": 11004.253027,
        "baseSymbol": "CWLUNC",
        "executionType": "direct",
        "pairId": "amplunc-cwlunc",
        "price": 1.3535075098284355,
        "sourceContract": "terra12gkp648mkgj6esr5y6dwc2q4mftnfzk2pudka8",
        "sourcePairId": "amplunc-cwlunc-ref-1",
        "sourceType": "reference",
        "timestamp": "2026-05-17T00:07:37Z",
        "tokenAmount": 8130.17508,
        "tokenSymbol": "AMPLUNC",
        "txhash": "9A584D04713B5AAB8FA876CBA79170357A1A0F68A4E71EEA5430624D1F4AFE40",
        "type": "SELL",
        "value": 11004.253027,
        "wallet": "terra1ydeh9exz82qrzw82ycjr6n462u5ldt8m8qt4rh"
      },
      {
        "amount": 6268.490414,
        "baseAmount": 8378.439729,
        "baseSymbol": "CWLUNC",
        "executionType": "direct",
        "pairId": "amplunc-cwlunc",
        "price": 1.336596082254135,
        "sourceContract": "terra132qwlqxffksjfg6ntzp4m5786lrlmgrufzx5c6",
        "sourcePairId": "amplunc-cwlunc-ref-2",
        "sourceType": "reference",
        "timestamp": "2026-05-17T00:02:27Z",
        "tokenAmount": 6268.490414,
        "tokenSymbol": "AMPLUNC",
        "txhash": "20660B5C9B5A7637F8BACCBB1B59017BECAE9D3BE7D68B92DD43BC69A1C7BB0C",
        "type": "BUY",
        "value": 8378.439729,
        "wallet": "terra1ydeh9exz82qrzw82ycjr6n462u5ldt8m8qt4rh"
      },
      {
        "amount": 7499.968759,
        "baseAmount": 10211.499106,
        "baseSymbol": "CWLUNC",
        "executionType": "direct",
        "pairId": "amplunc-cwlunc",
        "price": 1.3615388855781765,
        "sourceContract": "terra12gkp648mkgj6esr5y6dwc2q4mftnfzk2pudka8",
        "sourcePairId": "amplunc-cwlunc-ref-1",
        "sourceType": "reference",
        "timestamp": "2026-05-16T23:48:16Z",
        "tokenAmount": 7499.968759,
        "tokenSymbol": "AMPLUNC",
        "txhash": "C4351D8D7F420396EF4C26E1D594BF7C3F19032E776E19CD0546DAF09AFDFF28",
        "type": "SELL",
        "value": 10211.499106,
        "wallet": "terra1q7a9kg5xusufjfjp3v8ghsc7urfrlj8m99hlwh"
      },
      {
        "amount": 7839.166276,
        "baseAmount": 10459.011479,
        "baseSymbol": "CWLUNC",
        "executionType": "direct",
        "pairId": "amplunc-cwlunc",
        "price": 1.3341994685099088,
        "sourceContract": "terra132qwlqxffksjfg6ntzp4m5786lrlmgrufzx5c6",
        "sourcePairId": "amplunc-cwlunc-ref-2",
        "sourceType": "reference",
        "timestamp": "2026-05-16T19:22:24Z",
        "tokenAmount": 7839.166276,
        "tokenSymbol": "AMPLUNC",
        "txhash": "833EA883549334C1D7EC4CEBF55168D8F3595DF7A94C4D17D12C2028CCCA78FD",
        "type": "BUY",
        "value": 10459.011479,
        "wallet": "terra1ydeh9exz82qrzw82ycjr6n462u5ldt8m8qt4rh"
      },
      {
        "amount": 7846.065598,
        "baseAmount": 10745.140091,
        "baseSymbol": "CWLUNC",
        "executionType": "direct",
        "pairId": "amplunc-cwlunc",
        "price": 1.369494042178157,
        "sourceContract": "terra12gkp648mkgj6esr5y6dwc2q4mftnfzk2pudka8",
        "sourcePairId": "amplunc-cwlunc-ref-1",
        "sourceType": "reference",
        "timestamp": "2026-05-16T19:21:02Z",
        "tokenAmount": 7846.065598,
        "tokenSymbol": "AMPLUNC",
        "txhash": "90E1563FEBE0A96C7EF816C39CECD1A7D1C3F2630B18A562CDAB4F93855E6D31",
        "type": "SELL",
        "value": 10745.140091,
        "wallet": "terra1ydeh9exz82qrzw82ycjr6n462u5ldt8m8qt4rh"
      },
      {
        "amount": 9902.69554,
        "baseAmount": 13632.760808,
        "baseSymbol": "CWLUNC",
        "executionType": "direct",
        "pairId": "amplunc-cwlunc",
        "price": 1.3766717105391286,
        "sourceContract": "terra12gkp648mkgj6esr5y6dwc2q4mftnfzk2pudka8",
        "sourcePairId": "amplunc-cwlunc-ref-1",
        "sourceType": "reference",
        "timestamp": "2026-05-16T11:40:23Z",
        "tokenAmount": 9902.69554,
        "tokenSymbol": "AMPLUNC",
        "txhash": "CC1603DC6056B2E9F2AF8309A566332EB889DDC9CC02E75EED66949E8CE21148",
        "type": "BUY",
        "value": 13632.760808,
        "wallet": "terra1q7a9kg5xusufjfjp3v8ghsc7urfrlj8m99hlwh"
      },
      {
        "amount": 10817.110198,
        "baseAmount": 14807.205626,
        "baseSymbol": "CWLUNC",
        "executionType": "direct",
        "pairId": "amplunc-cwlunc",
        "price": 1.3688688896538872,
        "sourceContract": "terra12gkp648mkgj6esr5y6dwc2q4mftnfzk2pudka8",
        "sourcePairId": "amplunc-cwlunc-ref-1",
        "sourceType": "reference",
        "timestamp": "2026-05-16T10:50:29Z",
        "tokenAmount": 10817.110198,
        "tokenSymbol": "AMPLUNC",
        "txhash": "001018A1F6A517012CF769C9F4DE9ED306278441CAA5408C986854EFC389048C",
        "type": "SELL",
        "value": 14807.205626,
        "wallet": "terra1ydeh9exz82qrzw82ycjr6n462u5ldt8m8qt4rh"
      },
      {
        "amount": 8167.535725,
        "baseAmount": 10844.931711,
        "baseSymbol": "CWLUNC",
        "executionType": "direct",
        "pairId": "amplunc-cwlunc",
        "price": 1.327809522498293,
        "sourceContract": "terra132qwlqxffksjfg6ntzp4m5786lrlmgrufzx5c6",
        "sourcePairId": "amplunc-cwlunc-ref-2",
        "sourceType": "reference",
        "timestamp": "2026-05-16T10:48:26Z",
        "tokenAmount": 8167.535725,
        "tokenSymbol": "AMPLUNC",
        "txhash": "073555708611EE91B19B7F4390C95A76C0CD0C13AD65BB2B846B59356DAD3555",
        "type": "BUY",
        "value": 10844.931711,
        "wallet": "terra1ydeh9exz82qrzw82ycjr6n462u5ldt8m8qt4rh"
      },
      {
        "amount": 10854.02703,
        "baseAmount": 14980.886513,
        "baseSymbol": "CWLUNC",
        "executionType": "direct",
        "pairId": "amplunc-cwlunc",
        "price": 1.3802145942324966,
        "sourceContract": "terra12gkp648mkgj6esr5y6dwc2q4mftnfzk2pudka8",
        "sourcePairId": "amplunc-cwlunc-ref-1",
        "sourceType": "reference",
        "timestamp": "2026-05-16T10:47:50Z",
        "tokenAmount": 10854.02703,
        "tokenSymbol": "AMPLUNC",
        "txhash": "EAAA5B4B604AEBF863FBFDB9115F45C31EE190BD37EEA70B38CC90C3C80BFAD5",
        "type": "SELL",
        "value": 14980.886513,
        "wallet": "terra1ydeh9exz82qrzw82ycjr6n462u5ldt8m8qt4rh"
      },
      {
        "amount": 10533.643134,
        "baseAmount": 14658.09875,
        "baseSymbol": "CWLUNC",
        "executionType": "direct",
        "pairId": "amplunc-cwlunc",
        "price": 1.3915507259484874,
        "sourceContract": "terra12gkp648mkgj6esr5y6dwc2q4mftnfzk2pudka8",
        "sourcePairId": "amplunc-cwlunc-ref-1",
        "sourceType": "reference",
        "timestamp": "2026-05-16T10:47:32Z",
        "tokenAmount": 10533.643134,
        "tokenSymbol": "AMPLUNC",
        "txhash": "CFA5F91A7F4C3FC556304474E36E874833A74A7455B04C0B982D7D4B85AB84AB",
        "type": "SELL",
        "value": 14658.09875,
        "wallet": "terra1q7a9kg5xusufjfjp3v8ghsc7urfrlj8m99hlwh"
      },
      {
        "amount": 26035.513264,
        "baseAmount": 36743.320978,
        "baseSymbol": "CWLUNC",
        "executionType": "direct",
        "pairId": "amplunc-cwlunc",
        "price": 1.4112769971316823,
        "sourceContract": "terra12gkp648mkgj6esr5y6dwc2q4mftnfzk2pudka8",
        "sourcePairId": "amplunc-cwlunc-ref-1",
        "sourceType": "reference",
        "timestamp": "2026-05-16T10:47:26Z",
        "tokenAmount": 26035.513264,
        "tokenSymbol": "AMPLUNC",
        "txhash": "05A17AFE51B09FCA940B839ECAB565EDBEE59050690909B569694FAA31EBCAD8",
        "type": "SELL",
        "value": 36743.320978,
        "wallet": "terra1q7a9kg5xusufjfjp3v8ghsc7urfrlj8m99hlwh"
      },
      {
        "amount": 71669.444164,
        "baseAmount": 100000.0,
        "baseSymbol": "CWLUNC",
        "executionType": "direct",
        "pairId": "amplunc-cwlunc",
        "price": 1.3952947614770341,
        "sourceContract": "terra12gkp648mkgj6esr5y6dwc2q4mftnfzk2pudka8",
        "sourcePairId": "amplunc-cwlunc-ref-1",
        "sourceType": "reference",
        "timestamp": "2026-05-16T10:47:20Z",
        "tokenAmount": 71669.444164,
        "tokenSymbol": "AMPLUNC",
        "txhash": "758E796CCDCDF79FB25E0351768B043912CC48543A34CD071126AE8153A8305D",
        "type": "BUY",
        "value": 100000.0,
        "wallet": "terra1zafpjz7h4x9cd8n5rf9lxz7tru352taxtl8jeu"
      },
      {
        "amount": 9313.079845,
        "baseAmount": 12597.093408,
        "baseSymbol": "CWLUNC",
        "executionType": "direct",
        "pairId": "amplunc-cwlunc",
        "price": 1.352623795528084,
        "sourceContract": "terra12gkp648mkgj6esr5y6dwc2q4mftnfzk2pudka8",
        "sourcePairId": "amplunc-cwlunc-ref-1",
        "sourceType": "reference",
        "timestamp": "2026-05-15T23:18:51Z",
        "tokenAmount": 9313.079845,
        "tokenSymbol": "AMPLUNC",
        "txhash": "6D3DC8B621CD98A05F0670BE5A4C4948E1D1833487F48B3A3E022973C8D68530",
        "type": "BUY",
        "value": 12597.093408,
        "wallet": "terra1g3zc8lwwmkrm0cz9wkgl849pdqaw6cq8lh7872"
      },
      {
        "amount": 19185.777618,
        "baseAmount": 25674.315176,
        "baseSymbol": "CWLUNC",
        "executionType": "direct",
        "pairId": "amplunc-cwlunc",
        "price": 1.3381951822433555,
        "sourceContract": "terra12gkp648mkgj6esr5y6dwc2q4mftnfzk2pudka8",
        "sourcePairId": "amplunc-cwlunc-ref-1",
        "sourceType": "reference",
        "timestamp": "2026-05-15T23:17:46Z",
        "tokenAmount": 19185.777618,
        "tokenSymbol": "AMPLUNC",
        "txhash": "844E3A7B297419D8765E329BC027D45CAB9F26078B1C83192F1BF470A8BABCC4",
        "type": "BUY",
        "value": 25674.315176,
        "wallet": "terra1g3zc8lwwmkrm0cz9wkgl849pdqaw6cq8lh7872"
      },
      {
        "amount": 3150.410911,
        "baseAmount": 4180.603371,
        "baseSymbol": "CWLUNC",
        "executionType": "direct",
        "pairId": "amplunc-cwlunc",
        "price": 1.3270025685865205,
        "sourceContract": "terra12gkp648mkgj6esr5y6dwc2q4mftnfzk2pudka8",
        "sourcePairId": "amplunc-cwlunc-ref-1",
        "sourceType": "reference",
        "timestamp": "2026-05-15T19:50:57Z",
        "tokenAmount": 3150.410911,
        "tokenSymbol": "AMPLUNC",
        "txhash": "F34D35FC6CAF008B11A04FFE442295CDA12E80826E4302F185C35702558D8C8F",
        "type": "BUY",
        "value": 4180.603371,
        "wallet": "terra1g3zc8lwwmkrm0cz9wkgl849pdqaw6cq8lh7872"
      },
      {
        "amount": 7996.843362,
        "baseAmount": 10611.411883,
        "baseSymbol": "CWLUNC",
        "executionType": "direct",
        "pairId": "amplunc-cwlunc",
        "price": 1.326950073003068,
        "sourceContract": "terra1r8k9pea8wmt93l703azhs82kpjva0cpq8tq5at",
        "sourcePairId": "amplunc-cwlunc-ref-3",
        "sourceType": "reference",
        "timestamp": "2026-05-15T02:37:51Z",
        "tokenAmount": 7996.843362,
        "tokenSymbol": "AMPLUNC",
        "txhash": "0F960D6708262A9E9325DAFED62844E0D074836E5AD13FAB6D1FFE3A7A36A49F",
        "type": "BUY",
        "value": 10611.411883,
        "wallet": "terra1q7a9kg5xusufjfjp3v8ghsc7urfrlj8m99hlwh"
      },
      {
        "amount": 8319.424727,
        "baseAmount": 10992.71171,
        "baseSymbol": "CWLUNC",
        "executionType": "direct",
        "pairId": "amplunc-cwlunc",
        "price": 1.3213307495077238,
        "sourceContract": "terra12gkp648mkgj6esr5y6dwc2q4mftnfzk2pudka8",
        "sourcePairId": "amplunc-cwlunc-ref-1",
        "sourceType": "reference",
        "timestamp": "2026-05-14T01:55:54Z",
        "tokenAmount": 8319.424727,
        "tokenSymbol": "AMPLUNC",
        "txhash": "C462D4ADA7A38FFD96DBB5018D03B25073C1D9A4F35A153CCFA215827AC64845",
        "type": "BUY",
        "value": 10992.71171,
        "wallet": "terra1q7a9kg5xusufjfjp3v8ghsc7urfrlj8m99hlwh"
      },
      {
        "amount": 7877.946845,
        "baseAmount": 10346.682813,
        "baseSymbol": "CWLUNC",
        "executionType": "direct",
        "pairId": "amplunc-cwlunc",
        "price": 1.313373016672087,
        "sourceContract": "terra12gkp648mkgj6esr5y6dwc2q4mftnfzk2pudka8",
        "sourcePairId": "amplunc-cwlunc-ref-1",
        "sourceType": "reference",
        "timestamp": "2026-05-14T01:01:01Z",
        "tokenAmount": 7877.946845,
        "tokenSymbol": "AMPLUNC",
        "txhash": "AF15CB4D21BFD9C3B0A7845CFAFD84835CD81874B9D535EEE2E200A2EBB30E49",
        "type": "BUY",
        "value": 10346.682813,
        "wallet": "terra1q7a9kg5xusufjfjp3v8ghsc7urfrlj8m99hlwh"
      },
      {
        "amount": 7017.407119,
        "baseAmount": 9206.121666,
        "baseSymbol": "CWLUNC",
        "executionType": "direct",
        "pairId": "amplunc-cwlunc",
        "price": 1.3118979004472946,
        "sourceContract": "terra1r8k9pea8wmt93l703azhs82kpjva0cpq8tq5at",
        "sourcePairId": "amplunc-cwlunc-ref-3",
        "sourceType": "reference",
        "timestamp": "2026-05-13T23:08:03Z",
        "tokenAmount": 7017.407119,
        "tokenSymbol": "AMPLUNC",
        "txhash": "D4945FA4DBC47FB8FCB4F7C769E8F463897815DA1929942AD948C7F84190941C",
        "type": "BUY",
        "value": 9206.121666,
        "wallet": "terra1q7a9kg5xusufjfjp3v8ghsc7urfrlj8m99hlwh"
      },
      {
        "amount": 5803.526097,
        "baseAmount": 7583.496216,
        "baseSymbol": "CWLUNC",
        "executionType": "direct",
        "pairId": "amplunc-cwlunc",
        "price": 1.306704939247213,
        "sourceContract": "terra12gkp648mkgj6esr5y6dwc2q4mftnfzk2pudka8",
        "sourcePairId": "amplunc-cwlunc-ref-1",
        "sourceType": "reference",
        "timestamp": "2026-05-13T11:33:35Z",
        "tokenAmount": 5803.526097,
        "tokenSymbol": "AMPLUNC",
        "txhash": "368F755B288A73E705C9CBE86D948876B911830BAFB84888922C09ABD313D168",
        "type": "BUY",
        "value": 7583.496216,
        "wallet": "terra1g3zc8lwwmkrm0cz9wkgl849pdqaw6cq8lh7872"
      },
      {
        "amount": 7894.019324,
        "baseAmount": 10240.189802,
        "baseSymbol": "CWLUNC",
        "executionType": "direct",
        "pairId": "amplunc-cwlunc",
        "price": 1.2972086058703953,
        "sourceContract": "terra1r8k9pea8wmt93l703azhs82kpjva0cpq8tq5at",
        "sourcePairId": "amplunc-cwlunc-ref-3",
        "sourceType": "reference",
        "timestamp": "2026-05-12T19:05:12Z",
        "tokenAmount": 7894.019324,
        "tokenSymbol": "AMPLUNC",
        "txhash": "7DBEE887D2E65BB3620F4E31BDD18CA6957B8F1E2521EEDDBAE77E088F7E4BF0",
        "type": "BUY",
        "value": 10240.189802,
        "wallet": "terra1q7a9kg5xusufjfjp3v8ghsc7urfrlj8m99hlwh"
      },
      {
        "amount": 5902.63773,
        "baseAmount": 7666.979253,
        "baseSymbol": "CWLUNC",
        "executionType": "direct",
        "pairId": "amplunc-cwlunc",
        "price": 1.298907302752595,
        "sourceContract": "terra12gkp648mkgj6esr5y6dwc2q4mftnfzk2pudka8",
        "sourcePairId": "amplunc-cwlunc-ref-1",
        "sourceType": "reference",
        "timestamp": "2026-05-12T15:10:48Z",
        "tokenAmount": 5902.63773,
        "tokenSymbol": "AMPLUNC",
        "txhash": "C7CFF977BAD821A03863268512BBCE1BAD4E5936DF2C673EBD593C512D21A004",
        "type": "SELL",
        "value": 7666.979253,
        "wallet": "terra1g3zc8lwwmkrm0cz9wkgl849pdqaw6cq8lh7872"
      },
      {
        "amount": 6373.841985,
        "baseAmount": 8316.794138,
        "baseSymbol": "CWLUNC",
        "executionType": "direct",
        "pairId": "amplunc-cwlunc",
        "price": 1.304832180900073,
        "sourceContract": "terra12gkp648mkgj6esr5y6dwc2q4mftnfzk2pudka8",
        "sourcePairId": "amplunc-cwlunc-ref-1",
        "sourceType": "reference",
        "timestamp": "2026-05-12T08:12:24Z",
        "tokenAmount": 6373.841985,
        "tokenSymbol": "AMPLUNC",
        "txhash": "03A08C1EB10816B32A496F7CC8BFAF734374232124773C2418B02FDE53B7A41E",
        "type": "SELL",
        "value": 8316.794138,
        "wallet": "terra1g3zc8lwwmkrm0cz9wkgl849pdqaw6cq8lh7872"
      },
      {
        "amount": 11479.452228,
        "baseAmount": 15040.527812,
        "baseSymbol": "CWLUNC",
        "executionType": "direct",
        "pairId": "amplunc-cwlunc",
        "price": 1.3102130235198886,
        "sourceContract": "terra12gkp648mkgj6esr5y6dwc2q4mftnfzk2pudka8",
        "sourcePairId": "amplunc-cwlunc-ref-1",
        "sourceType": "reference",
        "timestamp": "2026-05-12T08:10:03Z",
        "tokenAmount": 11479.452228,
        "tokenSymbol": "AMPLUNC",
        "txhash": "F5A988F7BA4A51D61BFC3B0E08DC447EE81B246C8AD59D5D0C5762C9A0129EB1",
        "type": "BUY",
        "value": 15040.527812,
        "wallet": "terra1g3zc8lwwmkrm0cz9wkgl849pdqaw6cq8lh7872"
      },
      {
        "amount": 7686.883787,
        "baseAmount": 10000.0,
        "baseSymbol": "CWLUNC",
        "executionType": "direct",
        "pairId": "amplunc-cwlunc",
        "price": 1.3009172867829646,
        "sourceContract": "terra12gkp648mkgj6esr5y6dwc2q4mftnfzk2pudka8",
        "sourcePairId": "amplunc-cwlunc-ref-1",
        "sourceType": "reference",
        "timestamp": "2026-05-12T08:09:52Z",
        "tokenAmount": 7686.883787,
        "tokenSymbol": "AMPLUNC",
        "txhash": "E47E72D936C6E19110D35B5474080DE8AC9121468132919495F2C2DB2C05B63A",
        "type": "BUY",
        "value": 10000.0,
        "wallet": "terra1zafpjz7h4x9cd8n5rf9lxz7tru352taxtl8jeu"
      },
      {
        "amount": 5810.308299,
        "baseAmount": 7521.049257,
        "baseSymbol": "CWLUNC",
        "executionType": "direct",
        "pairId": "amplunc-cwlunc",
        "price": 1.2944320455929046,
        "sourceContract": "terra12gkp648mkgj6esr5y6dwc2q4mftnfzk2pudka8",
        "sourcePairId": "amplunc-cwlunc-ref-1",
        "sourceType": "reference",
        "timestamp": "2026-05-12T08:08:48Z",
        "tokenAmount": 5810.308299,
        "tokenSymbol": "AMPLUNC",
        "txhash": "7EC3F5FE7D1A6FDF019CCAF1308AFE555847E388B9FE001BA1431D6D44D5BB16",
        "type": "BUY",
        "value": 7521.049257,
        "wallet": "terra1g3zc8lwwmkrm0cz9wkgl849pdqaw6cq8lh7872"
      },
      {
        "amount": 3876.54892,
        "baseAmount": 5000.0,
        "baseSymbol": "CWLUNC",
        "executionType": "direct",
        "pairId": "amplunc-cwlunc",
        "price": 1.289807017319931,
        "sourceContract": "terra12gkp648mkgj6esr5y6dwc2q4mftnfzk2pudka8",
        "sourcePairId": "amplunc-cwlunc-ref-1",
        "sourceType": "reference",
        "timestamp": "2026-05-12T08:07:08Z",
        "tokenAmount": 3876.54892,
        "tokenSymbol": "AMPLUNC",
        "txhash": "9195C8E8A6F6541ABDD051B2AB74FDAD5670D335B707EB96A31153F378401CF6",
        "type": "BUY",
        "value": 5000.0,
        "wallet": "terra1zafpjz7h4x9cd8n5rf9lxz7tru352taxtl8jeu"
      },
      {
        "amount": 11246.94888,
        "baseAmount": 14425.888938,
        "baseSymbol": "CWLUNC",
        "executionType": "direct",
        "pairId": "amplunc-cwlunc",
        "price": 1.2826491070527566,
        "sourceContract": "terra12gkp648mkgj6esr5y6dwc2q4mftnfzk2pudka8",
        "sourcePairId": "amplunc-cwlunc-ref-1",
        "sourceType": "reference",
        "timestamp": "2026-05-12T08:06:50Z",
        "tokenAmount": 11246.94888,
        "tokenSymbol": "AMPLUNC",
        "txhash": "B17442BB62A2C0620A8DD772E315F2B1CC9540453FDFFEB7634EE09B79D5AE67",
        "type": "BUY",
        "value": 14425.888938,
        "wallet": "terra1ydeh9exz82qrzw82ycjr6n462u5ldt8m8qt4rh"
      },
      {
        "amount": 22358.026411,
        "baseAmount": 28621.724004,
        "baseSymbol": "CWLUNC",
        "executionType": "direct",
        "pairId": "amplunc-cwlunc",
        "price": 1.2801543158531339,
        "sourceContract": "terra12gkp648mkgj6esr5y6dwc2q4mftnfzk2pudka8",
        "sourcePairId": "amplunc-cwlunc-ref-1",
        "sourceType": "reference",
        "timestamp": "2026-05-12T08:06:38Z",
        "tokenAmount": 22358.026411,
        "tokenSymbol": "AMPLUNC",
        "txhash": "5F743F6A2D74B5D7B4DCD72F7C351D79EFD4F430970DE40ED0D5A5C27427780B",
        "type": "SELL",
        "value": 28621.724004,
        "wallet": "terra1g3zc8lwwmkrm0cz9wkgl849pdqaw6cq8lh7872"
      },
      {
        "amount": 832.148643,
        "baseAmount": 1074.413563,
        "baseSymbol": "CWLUNC",
        "executionType": "direct",
        "pairId": "amplunc-cwlunc",
        "price": 1.291131785214003,
        "sourceContract": "terra12gkp648mkgj6esr5y6dwc2q4mftnfzk2pudka8",
        "sourcePairId": "amplunc-cwlunc-ref-1",
        "sourceType": "reference",
        "timestamp": "2026-05-12T08:03:19Z",
        "tokenAmount": 832.148643,
        "tokenSymbol": "AMPLUNC",
        "txhash": "0629751AFEBEC07C247F5F6754DDDBDFB896F31B6503F50F1D5A18A79F557FAA",
        "type": "SELL",
        "value": 1074.413563,
        "wallet": "terra1g3zc8lwwmkrm0cz9wkgl849pdqaw6cq8lh7872"
      },
      {
        "amount": 251.531702,
        "baseAmount": 324.890647,
        "baseSymbol": "CWLUNC",
        "executionType": "direct",
        "pairId": "amplunc-cwlunc",
        "price": 1.2916489031668859,
        "sourceContract": "terra12gkp648mkgj6esr5y6dwc2q4mftnfzk2pudka8",
        "sourcePairId": "amplunc-cwlunc-ref-1",
        "sourceType": "reference",
        "timestamp": "2026-05-11T15:07:38Z",
        "tokenAmount": 251.531702,
        "tokenSymbol": "AMPLUNC",
        "txhash": "7D0EF831DC8C76F05DC27D4D55D7248F63EA7217B3219DC576445105DD4560F2",
        "type": "SELL",
        "value": 324.890647,
        "wallet": "terra1g3zc8lwwmkrm0cz9wkgl849pdqaw6cq8lh7872"
      },
      {
        "amount": 127.353065,
        "baseAmount": 164.518475,
        "baseSymbol": "CWLUNC",
        "executionType": "direct",
        "pairId": "amplunc-cwlunc",
        "price": 1.2918297254958095,
        "sourceContract": "terra12gkp648mkgj6esr5y6dwc2q4mftnfzk2pudka8",
        "sourcePairId": "amplunc-cwlunc-ref-1",
        "sourceType": "reference",
        "timestamp": "2026-05-11T14:45:01Z",
        "tokenAmount": 127.353065,
        "tokenSymbol": "AMPLUNC",
        "txhash": "F6FC0BFA2E3BC018E002D680C670D71E89115C5EF6BBBD9C45523DBB0197E166",
        "type": "SELL",
        "value": 164.518475,
        "wallet": "terra1g3zc8lwwmkrm0cz9wkgl849pdqaw6cq8lh7872"
      },
      {
        "amount": 183.248806,
        "baseAmount": 236.753404,
        "baseSymbol": "CWLUNC",
        "executionType": "direct",
        "pairId": "amplunc-cwlunc",
        "price": 1.2919778806089464,
        "sourceContract": "terra12gkp648mkgj6esr5y6dwc2q4mftnfzk2pudka8",
        "sourcePairId": "amplunc-cwlunc-ref-1",
        "sourceType": "reference",
        "timestamp": "2026-05-11T14:43:51Z",
        "tokenAmount": 183.248806,
        "tokenSymbol": "AMPLUNC",
        "txhash": "EEA3CC7B8DEBE578A40A44795CFE52291E5DA299924BCBDD629E6AFD2EABB0E9",
        "type": "SELL",
        "value": 236.753404,
        "wallet": "terra1g3zc8lwwmkrm0cz9wkgl849pdqaw6cq8lh7872"
      },
      {
        "amount": 409.068061,
        "baseAmount": 528.622457,
        "baseSymbol": "CWLUNC",
        "executionType": "direct",
        "pairId": "amplunc-cwlunc",
        "price": 1.2922604021143564,
        "sourceContract": "terra12gkp648mkgj6esr5y6dwc2q4mftnfzk2pudka8",
        "sourcePairId": "amplunc-cwlunc-ref-1",
        "sourceType": "reference",
        "timestamp": "2026-05-11T14:38:52Z",
        "tokenAmount": 409.068061,
        "tokenSymbol": "AMPLUNC",
        "txhash": "281DB6AB160339AF4C8C867EDD23C57E3C45BE2B1852E382561BB498DB9C5E7A",
        "type": "SELL",
        "value": 528.622457,
        "wallet": "terra1g3zc8lwwmkrm0cz9wkgl849pdqaw6cq8lh7872"
      },
      {
        "amount": 1565.393582,
        "baseAmount": 2016.219399,
        "baseSymbol": "CWLUNC",
        "executionType": "direct",
        "pairId": "amplunc-cwlunc",
        "price": 1.2879951867593642,
        "sourceContract": "terra1r8k9pea8wmt93l703azhs82kpjva0cpq8tq5at",
        "sourcePairId": "amplunc-cwlunc-ref-3",
        "sourceType": "reference",
        "timestamp": "2026-05-11T11:22:21Z",
        "tokenAmount": 1565.393582,
        "tokenSymbol": "AMPLUNC",
        "txhash": "0B76D868279BE5622AD448E427ABC4EB340217B6465FE2F189EF47016B2C6B5A",
        "type": "BUY",
        "value": 2016.219399,
        "wallet": "terra1ydeh9exz82qrzw82ycjr6n462u5ldt8m8qt4rh"
      },
      {
        "amount": 6161.814993,
        "baseAmount": 7982.015311,
        "baseSymbol": "CWLUNC",
        "executionType": "direct",
        "pairId": "amplunc-cwlunc",
        "price": 1.295400027437987,
        "sourceContract": "terra12gkp648mkgj6esr5y6dwc2q4mftnfzk2pudka8",
        "sourcePairId": "amplunc-cwlunc-ref-1",
        "sourceType": "reference",
        "timestamp": "2026-05-11T09:46:12Z",
        "tokenAmount": 6161.814993,
        "tokenSymbol": "AMPLUNC",
        "txhash": "9D02C77B3FFF0EA8C7CB608E225BB7C847B60CACFFDB5D61B5AEFC4B09A764D2",
        "type": "SELL",
        "value": 7982.015311,
        "wallet": "terra1g3zc8lwwmkrm0cz9wkgl849pdqaw6cq8lh7872"
      },
      {
        "amount": 5754.163229,
        "baseAmount": 7500.0,
        "baseSymbol": "CWLUNC",
        "executionType": "direct",
        "pairId": "amplunc-cwlunc",
        "price": 1.3034041096021192,
        "sourceContract": "terra12gkp648mkgj6esr5y6dwc2q4mftnfzk2pudka8",
        "sourcePairId": "amplunc-cwlunc-ref-1",
        "sourceType": "reference",
        "timestamp": "2026-05-11T09:44:44Z",
        "tokenAmount": 5754.163229,
        "tokenSymbol": "AMPLUNC",
        "txhash": "115BABCA816E7CEC6E687D3CF316940E71259581006F3E66AD2143696A84D747",
        "type": "BUY",
        "value": 7500.0,
        "wallet": "terra1g3zc8lwwmkrm0cz9wkgl849pdqaw6cq8lh7872"
      },
      {
        "amount": 7793.549981,
        "baseAmount": 10104.776309,
        "baseSymbol": "CWLUNC",
        "executionType": "direct",
        "pairId": "amplunc-cwlunc",
        "price": 1.2965562976608311,
        "sourceContract": "terra12gkp648mkgj6esr5y6dwc2q4mftnfzk2pudka8",
        "sourcePairId": "amplunc-cwlunc-ref-1",
        "sourceType": "reference",
        "timestamp": "2026-05-10T14:41:58Z",
        "tokenAmount": 7793.549981,
        "tokenSymbol": "AMPLUNC",
        "txhash": "1DB4F2B675ABFC33EFB98AC3069302AA76D0A2C6D0A7369485982A51A0CB10F3",
        "type": "SELL",
        "value": 10104.776309,
        "wallet": "terra1q7a9kg5xusufjfjp3v8ghsc7urfrlj8m99hlwh"
      },
      {
        "amount": 2557.53132,
        "baseAmount": 3328.722648,
        "baseSymbol": "CWLUNC",
        "executionType": "direct",
        "pairId": "amplunc-cwlunc",
        "price": 1.3015373934892809,
        "sourceContract": "terra12gkp648mkgj6esr5y6dwc2q4mftnfzk2pudka8",
        "sourcePairId": "amplunc-cwlunc-ref-1",
        "sourceType": "reference",
        "timestamp": "2026-05-10T09:17:05Z",
        "tokenAmount": 2557.53132,
        "tokenSymbol": "AMPLUNC",
        "txhash": "06ABCBF163069C1F6D4F144CE5569433921EE3CA3E21C982CF3DB80C5E374B12",
        "type": "SELL",
        "value": 3328.722648,
        "wallet": "terra1g3zc8lwwmkrm0cz9wkgl849pdqaw6cq8lh7872"
      },
      {
        "amount": 38020.958345,
        "baseAmount": 50000.0,
        "baseSymbol": "CWLUNC",
        "executionType": "direct",
        "pairId": "amplunc-cwlunc",
        "price": 1.3150641692485199,
        "sourceContract": "terra1fkhc5unv3x8dss2nkthv482um40fsx7hjqmmdnq3qrjdjzup3pesaa75hg",
        "sourcePairId": "amplunc-cwlunc",
        "sourceType": "primary",
        "timestamp": "2026-05-10T08:51:56Z",
        "tokenAmount": 38020.958345,
        "tokenSymbol": "AMPLUNC",
        "txhash": "FAACCD5DA681F17C4950C0B3455AE21A97ED903B4BAABA6D6782210CA2265D63",
        "type": "BUY",
        "value": 50000.0,
        "wallet": "terra1nynrxdccq0r9ghrz0sq7tjkkh8wug0ggg4lkzsags8r9dyhf7ypqx5gsr8"
      },
      {
        "amount": 38317.109736,
        "baseAmount": 50000.0,
        "baseSymbol": "CWLUNC",
        "executionType": "direct",
        "pairId": "amplunc-cwlunc",
        "price": 1.3049000914863784,
        "sourceContract": "terra1fkhc5unv3x8dss2nkthv482um40fsx7hjqmmdnq3qrjdjzup3pesaa75hg",
        "sourcePairId": "amplunc-cwlunc",
        "sourceType": "primary",
        "timestamp": "2026-05-10T08:51:03Z",
        "tokenAmount": 38317.109736,
        "tokenSymbol": "AMPLUNC",
        "txhash": "04C889EB874D85440428EB7C4CEF8187928D1F2A0D5EBBBEF62BA74BC923644A",
        "type": "BUY",
        "value": 50000.0,
        "wallet": "terra1nynrxdccq0r9ghrz0sq7tjkkh8wug0ggg4lkzsags8r9dyhf7ypqx5gsr8"
      },
      {
        "amount": 38798.724832,
        "baseAmount": 50000.0,
        "baseSymbol": "CWLUNC",
        "executionType": "direct",
        "pairId": "amplunc-cwlunc",
        "price": 1.2887021472097848,
        "sourceContract": "terra1fkhc5unv3x8dss2nkthv482um40fsx7hjqmmdnq3qrjdjzup3pesaa75hg",
        "sourcePairId": "amplunc-cwlunc",
        "sourceType": "primary",
        "timestamp": "2026-05-10T08:50:34Z",
        "tokenAmount": 38798.724832,
        "tokenSymbol": "AMPLUNC",
        "txhash": "1E14EA7D581CD6CA7E673541B2610910984FCF9BFEFC4D8CBC477F631658015D",
        "type": "BUY",
        "value": 50000.0,
        "wallet": "terra1nynrxdccq0r9ghrz0sq7tjkkh8wug0ggg4lkzsags8r9dyhf7ypqx5gsr8"
      },
      {
        "amount": 9552.900276,
        "baseAmount": 12125.033597,
        "baseSymbol": "CWLUNC",
        "executionType": "direct",
        "pairId": "amplunc-cwlunc",
        "price": 1.2692515620059426,
        "sourceContract": "terra12gkp648mkgj6esr5y6dwc2q4mftnfzk2pudka8",
        "sourcePairId": "amplunc-cwlunc-ref-1",
        "sourceType": "reference",
        "timestamp": "2026-05-10T04:53:22Z",
        "tokenAmount": 9552.900276,
        "tokenSymbol": "AMPLUNC",
        "txhash": "BF2BB33CC5D064C22A9877C854145A59E95A57729322CE14B0FD68686ABFAE8F",
        "type": "BUY",
        "value": 12125.033597,
        "wallet": "terra1q7a9kg5xusufjfjp3v8ghsc7urfrlj8m99hlwh"
      },
      {
        "amount": 60000.0,
        "baseAmount": 77117.468166,
        "baseSymbol": "CWLUNC",
        "executionType": "direct",
        "pairId": "amplunc-cwlunc",
        "price": 1.2852911361000001,
        "sourceContract": "terra12gkp648mkgj6esr5y6dwc2q4mftnfzk2pudka8",
        "sourcePairId": "amplunc-cwlunc-ref-1",
        "sourceType": "reference",
        "timestamp": "2026-05-09T20:19:49Z",
        "tokenAmount": 60000.0,
        "tokenSymbol": "AMPLUNC",
        "txhash": "545D23E6DA70DC79791F66EC7D97DAAD16AD5F6A0DD3766577038F4F6E825B8A",
        "type": "SELL",
        "value": 77117.468166,
        "wallet": "terra1gqen4nmatzkgemacvzvhcrmdm9dxp955ent90w"
      },
      {
        "amount": 4000.0,
        "baseAmount": 5264.071673,
        "baseSymbol": "CWLUNC",
        "executionType": "direct",
        "pairId": "amplunc-cwlunc",
        "price": 1.31601791825,
        "sourceContract": "terra12gkp648mkgj6esr5y6dwc2q4mftnfzk2pudka8",
        "sourcePairId": "amplunc-cwlunc-ref-1",
        "sourceType": "reference",
        "timestamp": "2026-05-09T20:18:56Z",
        "tokenAmount": 4000.0,
        "tokenSymbol": "AMPLUNC",
        "txhash": "E0E2FEF2E711A2C95FB9824384EEEBBAF3F085B707CCE59850D9A59B1F942137",
        "type": "SELL",
        "value": 5264.071673,
        "wallet": "terra1gqen4nmatzkgemacvzvhcrmdm9dxp955ent90w"
      },
      {
        "amount": 38248.296976,
        "baseAmount": 50000.0,
        "baseSymbol": "CWLUNC",
        "executionType": "direct",
        "pairId": "amplunc-cwlunc",
        "price": 1.3072477457329394,
        "sourceContract": "terra12gkp648mkgj6esr5y6dwc2q4mftnfzk2pudka8",
        "sourcePairId": "amplunc-cwlunc-ref-1",
        "sourceType": "reference",
        "timestamp": "2026-05-09T20:18:27Z",
        "tokenAmount": 38248.296976,
        "tokenSymbol": "AMPLUNC",
        "txhash": "B70BF90A718DA0AF56870A799B2A8F545F2B1CC025E3EEC526E105D3B3A2C931",
        "type": "BUY",
        "value": 50000.0,
        "wallet": "terra1zafpjz7h4x9cd8n5rf9lxz7tru352taxtl8jeu"
      },
      {
        "amount": 7070.574964,
        "baseAmount": 9048.2418,
        "baseSymbol": "CWLUNC",
        "executionType": "direct",
        "pairId": "amplunc-cwlunc",
        "price": 1.2797038212690393,
        "sourceContract": "terra1r8k9pea8wmt93l703azhs82kpjva0cpq8tq5at",
        "sourcePairId": "amplunc-cwlunc-ref-3",
        "sourceType": "reference",
        "timestamp": "2026-05-09T19:01:54Z",
        "tokenAmount": 7070.574964,
        "tokenSymbol": "AMPLUNC",
        "txhash": "54179865EED8DA0F48FB7116A11ACF90CEB66AD0D220579BB16F3D483C806A8B",
        "type": "BUY",
        "value": 9048.2418,
        "wallet": "terra1q7a9kg5xusufjfjp3v8ghsc7urfrlj8m99hlwh"
      }
    ],
    "amplunc-cwustc": [],
    "amplunc-lunc": [
      {
        "amount": 50000.0,
        "baseAmount": 38020.958345,
        "baseSymbol": "LUNC",
        "executionType": "routed",
        "pairId": "amplunc-lunc",
        "price": 0.7604191669,
        "sourceContract": "terra1nynrxdccq0r9ghrz0sq7tjkkh8wug0ggg4lkzsags8r9dyhf7ypqx5gsr8",
        "sourcePairId": "amplunc-lunc",
        "sourceType": "routed",
        "timestamp": "2026-05-10T08:51:56Z",
        "tokenAmount": 50000.0,
        "tokenSymbol": "AMPLUNC",
        "txhash": "FAACCD5DA681F17C4950C0B3455AE21A97ED903B4BAABA6D6782210CA2265D63",
        "type": "SWAP",
        "value": 38020.958345,
        "wallet": ""
      },
      {
        "amount": 50000.0,
        "baseAmount": 38317.109736,
        "baseSymbol": "LUNC",
        "executionType": "routed",
        "pairId": "amplunc-lunc",
        "price": 0.76634219472,
        "sourceContract": "terra1nynrxdccq0r9ghrz0sq7tjkkh8wug0ggg4lkzsags8r9dyhf7ypqx5gsr8",
        "sourcePairId": "amplunc-lunc",
        "sourceType": "routed",
        "timestamp": "2026-05-10T08:51:03Z",
        "tokenAmount": 50000.0,
        "tokenSymbol": "AMPLUNC",
        "txhash": "04C889EB874D85440428EB7C4CEF8187928D1F2A0D5EBBBEF62BA74BC923644A",
        "type": "SWAP",
        "value": 38317.109736,
        "wallet": ""
      },
      {
        "amount": 50000.0,
        "baseAmount": 38798.724832,
        "baseSymbol": "LUNC",
        "executionType": "routed",
        "pairId": "amplunc-lunc",
        "price": 0.77597449664,
        "sourceContract": "terra1nynrxdccq0r9ghrz0sq7tjkkh8wug0ggg4lkzsags8r9dyhf7ypqx5gsr8",
        "sourcePairId": "amplunc-lunc",
        "sourceType": "routed",
        "timestamp": "2026-05-10T08:50:34Z",
        "tokenAmount": 50000.0,
        "tokenSymbol": "AMPLUNC",
        "txhash": "1E14EA7D581CD6CA7E673541B2610910984FCF9BFEFC4D8CBC477F631658015D",
        "type": "SWAP",
        "value": 38798.724832,
        "wallet": ""
      },
      {
        "amount": 12345.0,
        "baseAmount": 9578.673131,
        "baseSymbol": "LUNC",
        "executionType": "routed",
        "pairId": "amplunc-lunc",
        "price": 0.775915198946942,
        "sourceContract": "terra1nynrxdccq0r9ghrz0sq7tjkkh8wug0ggg4lkzsags8r9dyhf7ypqx5gsr8",
        "sourcePairId": "amplunc-lunc",
        "sourceType": "routed",
        "timestamp": "2026-05-02T01:06:00Z",
        "tokenAmount": 12345.0,
        "tokenSymbol": "AMPLUNC",
        "txhash": "8076734D8388FE5F314EE91CD4B69CE1C6B53D3A0F52702F75B856414F205B05",
        "type": "SWAP",
        "value": 9578.673131,
        "wallet": ""
      },
      {
        "amount": 26772.690282,
        "baseAmount": 20608.777342,
        "baseSymbol": "LUNC",
        "executionType": "routed",
        "pairId": "amplunc-lunc",
        "price": 0.7697686382998961,
        "sourceContract": "terra1nynrxdccq0r9ghrz0sq7tjkkh8wug0ggg4lkzsags8r9dyhf7ypqx5gsr8",
        "sourcePairId": "amplunc-lunc",
        "sourceType": "routed",
        "timestamp": "2026-05-02T00:06:35Z",
        "tokenAmount": 26772.690282,
        "tokenSymbol": "AMPLUNC",
        "txhash": "EC33BB46AF37719207927BC74BDBFEDFB34FA94CC5E08B5F20BFB8B2D67B5FA6",
        "type": "SWAP",
        "value": 20608.777342,
        "wallet": ""
      }
    ],
    "amplunc-mdot": [],
    "amplunc-ustc": [],
    "astro-amplunc": [],
    "astro-cwlunc": [
      {
        "amount": 1342.342458,
        "baseAmount": 9667.553596,
        "baseSymbol": "CWLUNC",
        "executionType": "direct",
        "pairId": "astro-cwlunc",
        "price": 7.202002393937538,
        "sourceContract": "terra1nujm9zqa4hpaz9s8wrhrp86h3m9xwprjt9kmf9",
        "sourcePairId": "astro-cwlunc-ref-1",
        "sourceType": "reference",
        "timestamp": "2026-05-18T02:16:12Z",
        "tokenAmount": 1342.342458,
        "tokenSymbol": "ASTRO",
        "txhash": "1D87C4DE02B990B1D2E41ACECA523B2DF1ABC77232E4E19F7EFBC1EAC5F318FA",
        "type": "SELL",
        "value": 9667.553596,
        "wallet": "terra1ydeh9exz82qrzw82ycjr6n462u5ldt8m8qt4rh"
      },
      {
        "amount": 1486.698629,
        "baseAmount": 10932.647809,
        "baseSymbol": "CWLUNC",
        "executionType": "direct",
        "pairId": "astro-cwlunc",
        "price": 7.353640876331231,
        "sourceContract": "terra1nujm9zqa4hpaz9s8wrhrp86h3m9xwprjt9kmf9",
        "sourcePairId": "astro-cwlunc-ref-1",
        "sourceType": "reference",
        "timestamp": "2026-05-17T01:25:33Z",
        "tokenAmount": 1486.698629,
        "tokenSymbol": "ASTRO",
        "txhash": "1BE94E9AF511221012C67C26F9CFC228AFCA603E2968BA6C3B2390C674C4D142",
        "type": "SELL",
        "value": 10932.647809,
        "wallet": "terra1ydeh9exz82qrzw82ycjr6n462u5ldt8m8qt4rh"
      },
      {
        "amount": 1466.131825,
        "baseAmount": 11020.973457,
        "baseSymbol": "CWLUNC",
        "executionType": "direct",
        "pairId": "astro-cwlunc",
        "price": 7.517041284469765,
        "sourceContract": "terra1nujm9zqa4hpaz9s8wrhrp86h3m9xwprjt9kmf9",
        "sourcePairId": "astro-cwlunc-ref-1",
        "sourceType": "reference",
        "timestamp": "2026-05-16T19:34:45Z",
        "tokenAmount": 1466.131825,
        "tokenSymbol": "ASTRO",
        "txhash": "BE87AD119612BD4C8444BB177FB8B62EC68D3563E09D7A79625E8AE142CFA110",
        "type": "SELL",
        "value": 11020.973457,
        "wallet": "terra1ydeh9exz82qrzw82ycjr6n462u5ldt8m8qt4rh"
      },
      {
        "amount": 2033.189727,
        "baseAmount": 15000.0,
        "baseSymbol": "CWLUNC",
        "executionType": "direct",
        "pairId": "astro-cwlunc",
        "price": 7.377570229086643,
        "sourceContract": "terra1udqrxagr6tu0snr89hcyntj3zm0tjra3pslalsvyq6aczmr7aqtsfyyv48",
        "sourcePairId": "astro-cwlunc",
        "sourceType": "primary",
        "timestamp": "2026-05-15T05:50:11Z",
        "tokenAmount": 2033.189727,
        "tokenSymbol": "ASTRO",
        "txhash": "E14A94B895A8EE6FA48876D0CF0999741DDDB910CA65277585C64D1D68A5EB72",
        "type": "BUY",
        "value": 15000.0,
        "wallet": "terra1nynrxdccq0r9ghrz0sq7tjkkh8wug0ggg4lkzsags8r9dyhf7ypqx5gsr8"
      },
      {
        "amount": 992.272803,
        "baseAmount": 7530.441712,
        "baseSymbol": "CWLUNC",
        "executionType": "direct",
        "pairId": "astro-cwlunc",
        "price": 7.589084059577918,
        "sourceContract": "terra1nujm9zqa4hpaz9s8wrhrp86h3m9xwprjt9kmf9",
        "sourcePairId": "astro-cwlunc-ref-1",
        "sourceType": "reference",
        "timestamp": "2026-05-14T15:50:39Z",
        "tokenAmount": 992.272803,
        "tokenSymbol": "ASTRO",
        "txhash": "3FF3DE65CC53CDC103CD1915F96D3CC9E1608A93C49ED68E5714352D1518C2E2",
        "type": "BUY",
        "value": 7530.441712,
        "wallet": "terra1ydeh9exz82qrzw82ycjr6n462u5ldt8m8qt4rh"
      },
      {
        "amount": 1433.837159,
        "baseAmount": 10685.864658,
        "baseSymbol": "CWLUNC",
        "executionType": "direct",
        "pairId": "astro-cwlunc",
        "price": 7.452634764642754,
        "sourceContract": "terra1nujm9zqa4hpaz9s8wrhrp86h3m9xwprjt9kmf9",
        "sourcePairId": "astro-cwlunc-ref-1",
        "sourceType": "reference",
        "timestamp": "2026-05-14T15:47:54Z",
        "tokenAmount": 1433.837159,
        "tokenSymbol": "ASTRO",
        "txhash": "354169FB02A424E202BCE5DDCEEEEB6697719DCD887A66185416A33B00F64956",
        "type": "BUY",
        "value": 10685.864658,
        "wallet": "terra1ydeh9exz82qrzw82ycjr6n462u5ldt8m8qt4rh"
      },
      {
        "amount": 942.718114,
        "baseAmount": 6902.803497,
        "baseSymbol": "CWLUNC",
        "executionType": "direct",
        "pairId": "astro-cwlunc",
        "price": 7.322234923132069,
        "sourceContract": "terra1nujm9zqa4hpaz9s8wrhrp86h3m9xwprjt9kmf9",
        "sourcePairId": "astro-cwlunc-ref-1",
        "sourceType": "reference",
        "timestamp": "2026-05-14T14:00:02Z",
        "tokenAmount": 942.718114,
        "tokenSymbol": "ASTRO",
        "txhash": "3DA20A841238277919E4BCFD09EBAC84EF84E7529E2666B5A9E553FDF72EE1B4",
        "type": "BUY",
        "value": 6902.803497,
        "wallet": "terra1ydeh9exz82qrzw82ycjr6n462u5ldt8m8qt4rh"
      },
      {
        "amount": 1502.817815,
        "baseAmount": 10808.109252,
        "baseSymbol": "CWLUNC",
        "executionType": "direct",
        "pairId": "astro-cwlunc",
        "price": 7.191895879940709,
        "sourceContract": "terra1nujm9zqa4hpaz9s8wrhrp86h3m9xwprjt9kmf9",
        "sourcePairId": "astro-cwlunc-ref-1",
        "sourceType": "reference",
        "timestamp": "2026-05-14T03:08:33Z",
        "tokenAmount": 1502.817815,
        "tokenSymbol": "ASTRO",
        "txhash": "C4532F522F338BBA7C329A86127B1E8B98586C0E2C022FAC4E2B691B89BDB86F",
        "type": "BUY",
        "value": 10808.109252,
        "wallet": "terra1ydeh9exz82qrzw82ycjr6n462u5ldt8m8qt4rh"
      },
      {
        "amount": 1531.333788,
        "baseAmount": 10772.594837,
        "baseSymbol": "CWLUNC",
        "executionType": "direct",
        "pairId": "astro-cwlunc",
        "price": 7.034779041262819,
        "sourceContract": "terra1nujm9zqa4hpaz9s8wrhrp86h3m9xwprjt9kmf9",
        "sourcePairId": "astro-cwlunc-ref-1",
        "sourceType": "reference",
        "timestamp": "2026-05-14T03:06:30Z",
        "tokenAmount": 1531.333788,
        "tokenSymbol": "ASTRO",
        "txhash": "7BCAB5684427C9039701F0E50A42B7879BD271D53AEC71088DE73E211D43BE30",
        "type": "BUY",
        "value": 10772.594837,
        "wallet": "terra1ydeh9exz82qrzw82ycjr6n462u5ldt8m8qt4rh"
      },
      {
        "amount": 1553.116454,
        "baseAmount": 10685.864658,
        "baseSymbol": "CWLUNC",
        "executionType": "direct",
        "pairId": "astro-cwlunc",
        "price": 6.880272648247921,
        "sourceContract": "terra1nujm9zqa4hpaz9s8wrhrp86h3m9xwprjt9kmf9",
        "sourcePairId": "astro-cwlunc-ref-1",
        "sourceType": "reference",
        "timestamp": "2026-05-14T03:05:19Z",
        "tokenAmount": 1553.116454,
        "tokenSymbol": "ASTRO",
        "txhash": "A23CE41CC2FEBEE635F981E3E3975FEDBB6F015462E6FE30556AE90BA47285F8",
        "type": "BUY",
        "value": 10685.864658,
        "wallet": "terra1ydeh9exz82qrzw82ycjr6n462u5ldt8m8qt4rh"
      },
      {
        "amount": 506.638385,
        "baseAmount": 3423.980077,
        "baseSymbol": "CWLUNC",
        "executionType": "direct",
        "pairId": "astro-cwlunc",
        "price": 6.758232653453606,
        "sourceContract": "terra1udqrxagr6tu0snr89hcyntj3zm0tjra3pslalsvyq6aczmr7aqtsfyyv48",
        "sourcePairId": "astro-cwlunc",
        "sourceType": "primary",
        "timestamp": "2026-05-10T19:15:39Z",
        "tokenAmount": 506.638385,
        "tokenSymbol": "ASTRO",
        "txhash": "0E266C8F919D68561FBF3B1B4BC56C166343AEF86F181AC174E6EE84CF857FED",
        "type": "SELL",
        "value": 3423.980077,
        "wallet": "terra1nynrxdccq0r9ghrz0sq7tjkkh8wug0ggg4lkzsags8r9dyhf7ypqx5gsr8"
      },
      {
        "amount": 506.638385,
        "baseAmount": 2774.853367,
        "baseSymbol": "CWLUNC",
        "executionType": "direct",
        "pairId": "astro-cwlunc",
        "price": 5.476989997510749,
        "sourceContract": "terra1udqrxagr6tu0snr89hcyntj3zm0tjra3pslalsvyq6aczmr7aqtsfyyv48",
        "sourcePairId": "astro-cwlunc",
        "sourceType": "primary",
        "timestamp": "2026-05-10T19:15:10Z",
        "tokenAmount": 506.638385,
        "tokenSymbol": "ASTRO",
        "txhash": "94798D0882E4E77846AE6D742A70320B4614594B35EA066CB10D5ABF03BF8BE1",
        "type": "BUY",
        "value": 2774.853367,
        "wallet": "terra1nynrxdccq0r9ghrz0sq7tjkkh8wug0ggg4lkzsags8r9dyhf7ypqx5gsr8"
      },
      {
        "amount": 1356.608577,
        "baseAmount": 9142.282614,
        "baseSymbol": "CWLUNC",
        "executionType": "direct",
        "pairId": "astro-cwlunc",
        "price": 6.739071806708767,
        "sourceContract": "terra1nujm9zqa4hpaz9s8wrhrp86h3m9xwprjt9kmf9",
        "sourcePairId": "astro-cwlunc-ref-1",
        "sourceType": "reference",
        "timestamp": "2026-05-09T05:06:01Z",
        "tokenAmount": 1356.608577,
        "tokenSymbol": "ASTRO",
        "txhash": "D4BD105B25FC7E925DDF4AB1A97EFB45AA181787F78F061C1B6099B8F24B9580",
        "type": "BUY",
        "value": 9142.282614,
        "wallet": "terra1ydeh9exz82qrzw82ycjr6n462u5ldt8m8qt4rh"
      },
      {
        "amount": 1576.30537,
        "baseAmount": 10405.534528,
        "baseSymbol": "CWLUNC",
        "executionType": "direct",
        "pairId": "astro-cwlunc",
        "price": 6.601217458264448,
        "sourceContract": "terra1nujm9zqa4hpaz9s8wrhrp86h3m9xwprjt9kmf9",
        "sourcePairId": "astro-cwlunc-ref-1",
        "sourceType": "reference",
        "timestamp": "2026-05-07T03:38:46Z",
        "tokenAmount": 1576.30537,
        "tokenSymbol": "ASTRO",
        "txhash": "0BFF072EB558F792266E5B6E0516795F4E13775CDC5E8E4EAD5A196A5798D475",
        "type": "BUY",
        "value": 10405.534528,
        "wallet": "terra1ydeh9exz82qrzw82ycjr6n462u5ldt8m8qt4rh"
      },
      {
        "amount": 1623.625956,
        "baseAmount": 10656.647104,
        "baseSymbol": "CWLUNC",
        "executionType": "direct",
        "pairId": "astro-cwlunc",
        "price": 6.563486537412808,
        "sourceContract": "terra1nujm9zqa4hpaz9s8wrhrp86h3m9xwprjt9kmf9",
        "sourcePairId": "astro-cwlunc-ref-1",
        "sourceType": "reference",
        "timestamp": "2026-05-06T00:29:08Z",
        "tokenAmount": 1623.625956,
        "tokenSymbol": "ASTRO",
        "txhash": "0DD078B4A038555CA4F3BF8C386F2EEBBA3E35458B6E4341EED4C08B072910CF",
        "type": "SELL",
        "value": 10656.647104,
        "wallet": "terra1ydeh9exz82qrzw82ycjr6n462u5ldt8m8qt4rh"
      },
      {
        "amount": 1575.967759,
        "baseAmount": 10579.242203,
        "baseSymbol": "CWLUNC",
        "executionType": "direct",
        "pairId": "astro-cwlunc",
        "price": 6.712854462018218,
        "sourceContract": "terra1nujm9zqa4hpaz9s8wrhrp86h3m9xwprjt9kmf9",
        "sourcePairId": "astro-cwlunc-ref-1",
        "sourceType": "reference",
        "timestamp": "2026-05-05T17:58:35Z",
        "tokenAmount": 1575.967759,
        "tokenSymbol": "ASTRO",
        "txhash": "C1722FCBA10C4CDD92F4BBDDC67C6541F3215E824738BA834D233877784FF860",
        "type": "SELL",
        "value": 10579.242203,
        "wallet": "terra1ydeh9exz82qrzw82ycjr6n462u5ldt8m8qt4rh"
      },
      {
        "amount": 1597.481419,
        "baseAmount": 10968.488042,
        "baseSymbol": "CWLUNC",
        "executionType": "direct",
        "pairId": "astro-cwlunc",
        "price": 6.866113064943262,
        "sourceContract": "terra1nujm9zqa4hpaz9s8wrhrp86h3m9xwprjt9kmf9",
        "sourcePairId": "astro-cwlunc-ref-1",
        "sourceType": "reference",
        "timestamp": "2026-05-05T17:56:48Z",
        "tokenAmount": 1597.481419,
        "tokenSymbol": "ASTRO",
        "txhash": "4AA900C58D352832C2AC766E3CD6E8DBBED7D9E9C0B89328BF755F1FCBF3B25B",
        "type": "SELL",
        "value": 10968.488042,
        "wallet": "terra1ydeh9exz82qrzw82ycjr6n462u5ldt8m8qt4rh"
      },
      {
        "amount": 1545.896688,
        "baseAmount": 10857.044357,
        "baseSymbol": "CWLUNC",
        "executionType": "direct",
        "pairId": "astro-cwlunc",
        "price": 7.023137083660018,
        "sourceContract": "terra1nujm9zqa4hpaz9s8wrhrp86h3m9xwprjt9kmf9",
        "sourcePairId": "astro-cwlunc-ref-1",
        "sourceType": "reference",
        "timestamp": "2026-05-05T15:05:28Z",
        "tokenAmount": 1545.896688,
        "tokenSymbol": "ASTRO",
        "txhash": "9C163486AF3BF05299E2F0E00A64180D10CBC9018A9D8EABF5F91E0F6904588E",
        "type": "SELL",
        "value": 10857.044357,
        "wallet": "terra1ydeh9exz82qrzw82ycjr6n462u5ldt8m8qt4rh"
      },
      {
        "amount": 1495.552547,
        "baseAmount": 10738.449178,
        "baseSymbol": "CWLUNC",
        "executionType": "direct",
        "pairId": "astro-cwlunc",
        "price": 7.180255350800456,
        "sourceContract": "terra1nujm9zqa4hpaz9s8wrhrp86h3m9xwprjt9kmf9",
        "sourcePairId": "astro-cwlunc-ref-1",
        "sourceType": "reference",
        "timestamp": "2026-05-04T21:31:26Z",
        "tokenAmount": 1495.552547,
        "tokenSymbol": "ASTRO",
        "txhash": "C49915B41483DB1384D6C917A7690311656FFA05D68ABB533727015AE7031CA9",
        "type": "SELL",
        "value": 10738.449178,
        "wallet": "terra1ydeh9exz82qrzw82ycjr6n462u5ldt8m8qt4rh"
      },
      {
        "amount": 1467.933489,
        "baseAmount": 10772.400587,
        "baseSymbol": "CWLUNC",
        "executionType": "direct",
        "pairId": "astro-cwlunc",
        "price": 7.338480024962493,
        "sourceContract": "terra1nujm9zqa4hpaz9s8wrhrp86h3m9xwprjt9kmf9",
        "sourcePairId": "astro-cwlunc-ref-1",
        "sourceType": "reference",
        "timestamp": "2026-05-04T17:52:49Z",
        "tokenAmount": 1467.933489,
        "tokenSymbol": "ASTRO",
        "txhash": "EB34E10F08ECD67D1369303AD985CF555ED2D48B92450A59CC9C4D7A27BC4DAE",
        "type": "SELL",
        "value": 10772.400587,
        "wallet": "terra1ydeh9exz82qrzw82ycjr6n462u5ldt8m8qt4rh"
      },
      {
        "amount": 1467.778277,
        "baseAmount": 11008.988387,
        "baseSymbol": "CWLUNC",
        "executionType": "direct",
        "pairId": "astro-cwlunc",
        "price": 7.500443738342641,
        "sourceContract": "terra1nujm9zqa4hpaz9s8wrhrp86h3m9xwprjt9kmf9",
        "sourcePairId": "astro-cwlunc-ref-1",
        "sourceType": "reference",
        "timestamp": "2026-05-04T12:33:58Z",
        "tokenAmount": 1467.778277,
        "tokenSymbol": "ASTRO",
        "txhash": "5A9874F70A5A090B5C1049C56A0DD16C9B2773DF0F19FBBC80DA5EAB1B85779D",
        "type": "SELL",
        "value": 11008.988387,
        "wallet": "terra1ydeh9exz82qrzw82ycjr6n462u5ldt8m8qt4rh"
      },
      {
        "amount": 1227.075793,
        "baseAmount": 9391.830981,
        "baseSymbol": "CWLUNC",
        "executionType": "direct",
        "pairId": "astro-cwlunc",
        "price": 7.653831193294512,
        "sourceContract": "terra1nujm9zqa4hpaz9s8wrhrp86h3m9xwprjt9kmf9",
        "sourcePairId": "astro-cwlunc-ref-1",
        "sourceType": "reference",
        "timestamp": "2026-05-04T10:10:18Z",
        "tokenAmount": 1227.075793,
        "tokenSymbol": "ASTRO",
        "txhash": "5664149D2794F2AA85BEFFD0A8ED407A7CD042888960BBEFA993AB38F7878F1E",
        "type": "SELL",
        "value": 9391.830981,
        "wallet": "terra1ydeh9exz82qrzw82ycjr6n462u5ldt8m8qt4rh"
      },
      {
        "amount": 1422.380019,
        "baseAmount": 11107.896857,
        "baseSymbol": "CWLUNC",
        "executionType": "direct",
        "pairId": "astro-cwlunc",
        "price": 7.809373520874804,
        "sourceContract": "terra1nujm9zqa4hpaz9s8wrhrp86h3m9xwprjt9kmf9",
        "sourcePairId": "astro-cwlunc-ref-1",
        "sourceType": "reference",
        "timestamp": "2026-05-04T09:14:20Z",
        "tokenAmount": 1422.380019,
        "tokenSymbol": "ASTRO",
        "txhash": "DBCDE648EC80744CF8602A3C015837AFAE9B2E853474590648696E3CF6288F22",
        "type": "SELL",
        "value": 11107.896857,
        "wallet": "terra1ydeh9exz82qrzw82ycjr6n462u5ldt8m8qt4rh"
      },
      {
        "amount": 1210.070439,
        "baseAmount": 9522.115661,
        "baseSymbol": "CWLUNC",
        "executionType": "direct",
        "pairId": "astro-cwlunc",
        "price": 7.869058985416633,
        "sourceContract": "terra1nujm9zqa4hpaz9s8wrhrp86h3m9xwprjt9kmf9",
        "sourcePairId": "astro-cwlunc-ref-1",
        "sourceType": "reference",
        "timestamp": "2026-05-04T08:15:22Z",
        "tokenAmount": 1210.070439,
        "tokenSymbol": "ASTRO",
        "txhash": "6FDFAC6DF92484B2A0684EF377F11228AEA5A633733F28B8AC113A3C00D5EC03",
        "type": "BUY",
        "value": 9522.115661,
        "wallet": "terra1ydeh9exz82qrzw82ycjr6n462u5ldt8m8qt4rh"
      },
      {
        "amount": 1423.523988,
        "baseAmount": 10979.331601,
        "baseSymbol": "CWLUNC",
        "executionType": "direct",
        "pairId": "astro-cwlunc",
        "price": 7.712782990348878,
        "sourceContract": "terra1nujm9zqa4hpaz9s8wrhrp86h3m9xwprjt9kmf9",
        "sourcePairId": "astro-cwlunc-ref-1",
        "sourceType": "reference",
        "timestamp": "2026-05-04T08:11:12Z",
        "tokenAmount": 1423.523988,
        "tokenSymbol": "ASTRO",
        "txhash": "EFD7BF1EA9875BF64B8EEE4ABA6BEFEB822AD6A06D61C139B2EFED7285D9D9BB",
        "type": "BUY",
        "value": 10979.331601,
        "wallet": "terra1ydeh9exz82qrzw82ycjr6n462u5ldt8m8qt4rh"
      },
      {
        "amount": 1316.38036,
        "baseAmount": 10083.37951,
        "baseSymbol": "CWLUNC",
        "executionType": "direct",
        "pairId": "astro-cwlunc",
        "price": 7.659928555907656,
        "sourceContract": "terra1nujm9zqa4hpaz9s8wrhrp86h3m9xwprjt9kmf9",
        "sourcePairId": "astro-cwlunc-ref-1",
        "sourceType": "reference",
        "timestamp": "2026-05-03T00:43:47Z",
        "tokenAmount": 1316.38036,
        "tokenSymbol": "ASTRO",
        "txhash": "8C2850BC981775079B60DBE2BB49DE9ACC0AB2097F6D3DE4FA997640904EEE82",
        "type": "SELL",
        "value": 10083.37951,
        "wallet": "terra1ydeh9exz82qrzw82ycjr6n462u5ldt8m8qt4rh"
      },
      {
        "amount": 1328.048065,
        "baseAmount": 10379.120864,
        "baseSymbol": "CWLUNC",
        "executionType": "direct",
        "pairId": "astro-cwlunc",
        "price": 7.81532019626112,
        "sourceContract": "terra1nujm9zqa4hpaz9s8wrhrp86h3m9xwprjt9kmf9",
        "sourcePairId": "astro-cwlunc-ref-1",
        "sourceType": "reference",
        "timestamp": "2026-05-03T00:06:34Z",
        "tokenAmount": 1328.048065,
        "tokenSymbol": "ASTRO",
        "txhash": "2B6E9DF2B4F77BDF2563710C377AF5DF5A7FAF44FD187751FCBFA26450636D23",
        "type": "SELL",
        "value": 10379.120864,
        "wallet": "terra1ydeh9exz82qrzw82ycjr6n462u5ldt8m8qt4rh"
      },
      {
        "amount": 1415.858272,
        "baseAmount": 11300.859266,
        "baseSymbol": "CWLUNC",
        "executionType": "direct",
        "pairId": "astro-cwlunc",
        "price": 7.981631699645146,
        "sourceContract": "terra1nujm9zqa4hpaz9s8wrhrp86h3m9xwprjt9kmf9",
        "sourcePairId": "astro-cwlunc-ref-1",
        "sourceType": "reference",
        "timestamp": "2026-05-02T21:35:29Z",
        "tokenAmount": 1415.858272,
        "tokenSymbol": "ASTRO",
        "txhash": "C8ED16D29861BB6FA36303797F341E2A4D7C19B5DFADB1D42E295485A8953DDA",
        "type": "SELL",
        "value": 11300.859266,
        "wallet": "terra1ydeh9exz82qrzw82ycjr6n462u5ldt8m8qt4rh"
      },
      {
        "amount": 384.053357,
        "baseAmount": 3108.316946,
        "baseSymbol": "CWLUNC",
        "executionType": "direct",
        "pairId": "astro-cwlunc",
        "price": 8.093450791005584,
        "sourceContract": "terra1nujm9zqa4hpaz9s8wrhrp86h3m9xwprjt9kmf9",
        "sourcePairId": "astro-cwlunc-ref-1",
        "sourceType": "reference",
        "timestamp": "2026-05-02T20:24:19Z",
        "tokenAmount": 384.053357,
        "tokenSymbol": "ASTRO",
        "txhash": "C497D7ABBA8317C7A6178E40BC309F2A423D2D809C5345E129BD4DA0C78E038C",
        "type": "SELL",
        "value": 3108.316946,
        "wallet": "terra1zafpjz7h4x9cd8n5rf9lxz7tru352taxtl8jeu"
      },
      {
        "amount": 1183.075844,
        "baseAmount": 9573.401759,
        "baseSymbol": "CWLUNC",
        "executionType": "direct",
        "pairId": "astro-cwlunc",
        "price": 8.091959452601248,
        "sourceContract": "terra1nujm9zqa4hpaz9s8wrhrp86h3m9xwprjt9kmf9",
        "sourcePairId": "astro-cwlunc-ref-1",
        "sourceType": "reference",
        "timestamp": "2026-05-02T15:16:44Z",
        "tokenAmount": 1183.075844,
        "tokenSymbol": "ASTRO",
        "txhash": "AE71E63C4A7D82DFCB9382173C407EE5D5A74594C07B43D129F0323AE0620C84",
        "type": "BUY",
        "value": 9573.401759,
        "wallet": "terra1ydeh9exz82qrzw82ycjr6n462u5ldt8m8qt4rh"
      },
      {
        "amount": 286.811595,
        "baseAmount": 1500.0,
        "baseSymbol": "CWLUNC",
        "executionType": "direct",
        "pairId": "astro-cwlunc",
        "price": 5.229914083494427,
        "sourceContract": "terra1udqrxagr6tu0snr89hcyntj3zm0tjra3pslalsvyq6aczmr7aqtsfyyv48",
        "sourcePairId": "astro-cwlunc",
        "sourceType": "primary",
        "timestamp": "2026-05-02T01:04:01Z",
        "tokenAmount": 286.811595,
        "tokenSymbol": "ASTRO",
        "txhash": "3A0794DB72932B4DF690E86D06ACE4CF79D80A436CFBCB7336CF52ACB06A9387",
        "type": "BUY",
        "value": 1500.0,
        "wallet": "terra1nynrxdccq0r9ghrz0sq7tjkkh8wug0ggg4lkzsags8r9dyhf7ypqx5gsr8"
      },
      {
        "amount": 349.809,
        "baseAmount": 2790.120114,
        "baseSymbol": "CWLUNC",
        "executionType": "direct",
        "pairId": "astro-cwlunc",
        "price": 7.976124439336894,
        "sourceContract": "terra1udqrxagr6tu0snr89hcyntj3zm0tjra3pslalsvyq6aczmr7aqtsfyyv48",
        "sourcePairId": "astro-cwlunc",
        "sourceType": "primary",
        "timestamp": "2026-04-30T02:37:34Z",
        "tokenAmount": 349.809,
        "tokenSymbol": "ASTRO",
        "txhash": "957A091D57827B3D8CD4CB2CDE83B3B4B329CAA9DABF0F7A2584164897B6AD36",
        "type": "SELL",
        "value": 2790.120114,
        "wallet": "terra1nynrxdccq0r9ghrz0sq7tjkkh8wug0ggg4lkzsags8r9dyhf7ypqx5gsr8"
      },
      {
        "amount": 1390.910787,
        "baseAmount": 11205.345265,
        "baseSymbol": "CWLUNC",
        "executionType": "direct",
        "pairId": "astro-cwlunc",
        "price": 8.056120758951307,
        "sourceContract": "terra1nujm9zqa4hpaz9s8wrhrp86h3m9xwprjt9kmf9",
        "sourcePairId": "astro-cwlunc-ref-1",
        "sourceType": "reference",
        "timestamp": "2026-04-30T01:27:39Z",
        "tokenAmount": 1390.910787,
        "tokenSymbol": "ASTRO",
        "txhash": "943BA77595210E4037A3EFF4CBA6A7539BB0068C68F07FAB8CA8ED791EBEC06A",
        "type": "SELL",
        "value": 11205.345265,
        "wallet": "terra1ydeh9exz82qrzw82ycjr6n462u5ldt8m8qt4rh"
      },
      {
        "amount": 139.169707,
        "baseAmount": 321.0,
        "baseSymbol": "CWLUNC",
        "executionType": "direct",
        "pairId": "astro-cwlunc",
        "price": 2.306536436122554,
        "sourceContract": "terra1udqrxagr6tu0snr89hcyntj3zm0tjra3pslalsvyq6aczmr7aqtsfyyv48",
        "sourcePairId": "astro-cwlunc",
        "sourceType": "primary",
        "timestamp": "2026-04-29T23:47:00Z",
        "tokenAmount": 139.169707,
        "tokenSymbol": "ASTRO",
        "txhash": "6E12396D80A17D1ABE545FEF6BF64324946D3F7D8BD2EF9DF0C5D43DEC1B157D",
        "type": "BUY",
        "value": 321.0,
        "wallet": "terra1nynrxdccq0r9ghrz0sq7tjkkh8wug0ggg4lkzsags8r9dyhf7ypqx5gsr8"
      },
      {
        "amount": 210.639991,
        "baseAmount": 907.214121,
        "baseSymbol": "CWLUNC",
        "executionType": "direct",
        "pairId": "astro-cwlunc",
        "price": 4.306941510456103,
        "sourceContract": "terra1udqrxagr6tu0snr89hcyntj3zm0tjra3pslalsvyq6aczmr7aqtsfyyv48",
        "sourcePairId": "astro-cwlunc",
        "sourceType": "primary",
        "timestamp": "2026-04-29T03:23:31Z",
        "tokenAmount": 210.639991,
        "tokenSymbol": "ASTRO",
        "txhash": "0708252269F1C2D8FC582C5255CB0884E99569972ACEC3E10D468C436E425322",
        "type": "BUY",
        "value": 907.214121,
        "wallet": "terra1nynrxdccq0r9ghrz0sq7tjkkh8wug0ggg4lkzsags8r9dyhf7ypqx5gsr8"
      },
      {
        "amount": 1351.632304,
        "baseAmount": 11124.073086,
        "baseSymbol": "CWLUNC",
        "executionType": "direct",
        "pairId": "astro-cwlunc",
        "price": 8.230103004404073,
        "sourceContract": "terra1nujm9zqa4hpaz9s8wrhrp86h3m9xwprjt9kmf9",
        "sourcePairId": "astro-cwlunc-ref-1",
        "sourceType": "reference",
        "timestamp": "2026-04-28T07:06:14Z",
        "tokenAmount": 1351.632304,
        "tokenSymbol": "ASTRO",
        "txhash": "E91791D43475C5EDA16F2764B1E48C5F95EA3CAA16851DB98BB696AE6455001C",
        "type": "SELL",
        "value": 11124.073086,
        "wallet": "terra1ydeh9exz82qrzw82ycjr6n462u5ldt8m8qt4rh"
      },
      {
        "amount": 1351.596222,
        "baseAmount": 11363.110985,
        "baseSymbol": "CWLUNC",
        "executionType": "direct",
        "pairId": "astro-cwlunc",
        "price": 8.407178712134636,
        "sourceContract": "terra1nujm9zqa4hpaz9s8wrhrp86h3m9xwprjt9kmf9",
        "sourcePairId": "astro-cwlunc-ref-1",
        "sourceType": "reference",
        "timestamp": "2026-04-28T00:44:53Z",
        "tokenAmount": 1351.596222,
        "tokenSymbol": "ASTRO",
        "txhash": "870136E3C2658535875A670C29F019A69BDA3D219B4389B8ADE8C796010819BA",
        "type": "SELL",
        "value": 11363.110985,
        "wallet": "terra1ydeh9exz82qrzw82ycjr6n462u5ldt8m8qt4rh"
      },
      {
        "amount": 1299.02133,
        "baseAmount": 11153.919894,
        "baseSymbol": "CWLUNC",
        "executionType": "direct",
        "pairId": "astro-cwlunc",
        "price": 8.586402421890948,
        "sourceContract": "terra1nujm9zqa4hpaz9s8wrhrp86h3m9xwprjt9kmf9",
        "sourcePairId": "astro-cwlunc-ref-1",
        "sourceType": "reference",
        "timestamp": "2026-04-27T23:24:12Z",
        "tokenAmount": 1299.02133,
        "tokenSymbol": "ASTRO",
        "txhash": "2B0FD4B6595942FD3C1CA3ACF3E56B5EB82DC9038875C75CC2EE62095DA0A6D9",
        "type": "SELL",
        "value": 11153.919894,
        "wallet": "terra1ydeh9exz82qrzw82ycjr6n462u5ldt8m8qt4rh"
      },
      {
        "amount": 1308.136689,
        "baseAmount": 11470.210263,
        "baseSymbol": "CWLUNC",
        "executionType": "direct",
        "pairId": "astro-cwlunc",
        "price": 8.7683575878973,
        "sourceContract": "terra1nujm9zqa4hpaz9s8wrhrp86h3m9xwprjt9kmf9",
        "sourcePairId": "astro-cwlunc-ref-1",
        "sourceType": "reference",
        "timestamp": "2026-04-27T20:46:24Z",
        "tokenAmount": 1308.136689,
        "tokenSymbol": "ASTRO",
        "txhash": "6E6B0CD84AB9CC31929F699935E68A6EAE8A45EFE8E411B4EEEF2B2ABB6D8F9D",
        "type": "SELL",
        "value": 11470.210263,
        "wallet": "terra1ydeh9exz82qrzw82ycjr6n462u5ldt8m8qt4rh"
      },
      {
        "amount": 1288.884416,
        "baseAmount": 11542.488069,
        "baseSymbol": "CWLUNC",
        "executionType": "direct",
        "pairId": "astro-cwlunc",
        "price": 8.955409752584051,
        "sourceContract": "terra1nujm9zqa4hpaz9s8wrhrp86h3m9xwprjt9kmf9",
        "sourcePairId": "astro-cwlunc-ref-1",
        "sourceType": "reference",
        "timestamp": "2026-04-27T08:29:12Z",
        "tokenAmount": 1288.884416,
        "tokenSymbol": "ASTRO",
        "txhash": "0F842F14E393CFE019FC52A59F96108BF6FDA9B0AC73944B1C01557287E8666F",
        "type": "SELL",
        "value": 11542.488069,
        "wallet": "terra1ydeh9exz82qrzw82ycjr6n462u5ldt8m8qt4rh"
      },
      {
        "amount": 1247.735835,
        "baseAmount": 11409.227916,
        "baseSymbol": "CWLUNC",
        "executionType": "direct",
        "pairId": "astro-cwlunc",
        "price": 9.143945053080888,
        "sourceContract": "terra1nujm9zqa4hpaz9s8wrhrp86h3m9xwprjt9kmf9",
        "sourcePairId": "astro-cwlunc-ref-1",
        "sourceType": "reference",
        "timestamp": "2026-04-27T06:47:23Z",
        "tokenAmount": 1247.735835,
        "tokenSymbol": "ASTRO",
        "txhash": "267BD8EE63DA4F62969E56C9629C31E2D9FA4400FE9EE32F6866E0941B4BFA27",
        "type": "SELL",
        "value": 11409.227916,
        "wallet": "terra1ydeh9exz82qrzw82ycjr6n462u5ldt8m8qt4rh"
      },
      {
        "amount": 113.232296,
        "baseAmount": 123.0,
        "baseSymbol": "CWLUNC",
        "executionType": "direct",
        "pairId": "astro-cwlunc",
        "price": 1.08626252707973,
        "sourceContract": "terra1udqrxagr6tu0snr89hcyntj3zm0tjra3pslalsvyq6aczmr7aqtsfyyv48",
        "sourcePairId": "astro-cwlunc",
        "sourceType": "primary",
        "timestamp": "2026-04-27T01:15:44Z",
        "tokenAmount": 113.232296,
        "tokenSymbol": "ASTRO",
        "txhash": "6EDF3DBF10E9766C278157A5432CABC7BE877E3DA8B9892BD272F8CB52926C8D",
        "type": "BUY",
        "value": 123.0,
        "wallet": "terra1nynrxdccq0r9ghrz0sq7tjkkh8wug0ggg4lkzsags8r9dyhf7ypqx5gsr8"
      },
      {
        "amount": 1249.074569,
        "baseAmount": 11660.62572,
        "baseSymbol": "CWLUNC",
        "executionType": "direct",
        "pairId": "astro-cwlunc",
        "price": 9.335411999729857,
        "sourceContract": "terra1nujm9zqa4hpaz9s8wrhrp86h3m9xwprjt9kmf9",
        "sourcePairId": "astro-cwlunc-ref-1",
        "sourceType": "reference",
        "timestamp": "2026-04-26T23:02:42Z",
        "tokenAmount": 1249.074569,
        "tokenSymbol": "ASTRO",
        "txhash": "A24278F798C2654558D84A0840FACECBAFF3DC05BF68F0F1D07EF7A08EA28291",
        "type": "SELL",
        "value": 11660.62572,
        "wallet": "terra1ydeh9exz82qrzw82ycjr6n462u5ldt8m8qt4rh"
      },
      {
        "amount": 1230.208235,
        "baseAmount": 11725.782723,
        "baseSymbol": "CWLUNC",
        "executionType": "direct",
        "pairId": "astro-cwlunc",
        "price": 9.531543026128418,
        "sourceContract": "terra1nujm9zqa4hpaz9s8wrhrp86h3m9xwprjt9kmf9",
        "sourcePairId": "astro-cwlunc-ref-1",
        "sourceType": "reference",
        "timestamp": "2026-04-26T22:12:23Z",
        "tokenAmount": 1230.208235,
        "tokenSymbol": "ASTRO",
        "txhash": "BAF956DE0BD206A32C5FF8100AD5117C2EEDA857C55324546D09E2AA94AD2E40",
        "type": "SELL",
        "value": 11725.782723,
        "wallet": "terra1ydeh9exz82qrzw82ycjr6n462u5ldt8m8qt4rh"
      },
      {
        "amount": 1210.007849,
        "baseAmount": 11774.203227,
        "baseSymbol": "CWLUNC",
        "executionType": "direct",
        "pairId": "astro-cwlunc",
        "price": 9.730683347823472,
        "sourceContract": "terra1nujm9zqa4hpaz9s8wrhrp86h3m9xwprjt9kmf9",
        "sourcePairId": "astro-cwlunc-ref-1",
        "sourceType": "reference",
        "timestamp": "2026-04-26T20:44:23Z",
        "tokenAmount": 1210.007849,
        "tokenSymbol": "ASTRO",
        "txhash": "DD5BF0B5D151A69852240786331DB1375EB7DBBE94E1E843D5C0145AEC643394",
        "type": "SELL",
        "value": 11774.203227,
        "wallet": "terra1ydeh9exz82qrzw82ycjr6n462u5ldt8m8qt4rh"
      },
      {
        "amount": 1192.443264,
        "baseAmount": 11844.425015,
        "baseSymbol": "CWLUNC",
        "executionType": "direct",
        "pairId": "astro-cwlunc",
        "price": 9.932904459763044,
        "sourceContract": "terra1nujm9zqa4hpaz9s8wrhrp86h3m9xwprjt9kmf9",
        "sourcePairId": "astro-cwlunc-ref-1",
        "sourceType": "reference",
        "timestamp": "2026-04-26T18:08:42Z",
        "tokenAmount": 1192.443264,
        "tokenSymbol": "ASTRO",
        "txhash": "42A9ACC7BC87F4834997138FC00B22A1D37BE3E3B5D4B0F4C25F7B6AB13B7846",
        "type": "SELL",
        "value": 11844.425015,
        "wallet": "terra1ydeh9exz82qrzw82ycjr6n462u5ldt8m8qt4rh"
      },
      {
        "amount": 1174.602033,
        "baseAmount": 11908.556879,
        "baseSymbol": "CWLUNC",
        "executionType": "direct",
        "pairId": "astro-cwlunc",
        "price": 10.138375845123369,
        "sourceContract": "terra1nujm9zqa4hpaz9s8wrhrp86h3m9xwprjt9kmf9",
        "sourcePairId": "astro-cwlunc-ref-1",
        "sourceType": "reference",
        "timestamp": "2026-04-25T22:25:57Z",
        "tokenAmount": 1174.602033,
        "tokenSymbol": "ASTRO",
        "txhash": "371C0C9AAD7F580E12FD09271332BB641C7F8AF2393B5138AFECFBF782462DD2",
        "type": "SELL",
        "value": 11908.556879,
        "wallet": "terra1ydeh9exz82qrzw82ycjr6n462u5ldt8m8qt4rh"
      },
      {
        "amount": 1152.286045,
        "baseAmount": 11922.288241,
        "baseSymbol": "CWLUNC",
        "executionType": "direct",
        "pairId": "astro-cwlunc",
        "price": 10.34663944142446,
        "sourceContract": "terra1nujm9zqa4hpaz9s8wrhrp86h3m9xwprjt9kmf9",
        "sourcePairId": "astro-cwlunc-ref-1",
        "sourceType": "reference",
        "timestamp": "2026-04-24T01:48:49Z",
        "tokenAmount": 1152.286045,
        "tokenSymbol": "ASTRO",
        "txhash": "FF54F44C818F758EBFB03FC3515A4940E66FAEBCCB4AD26131436D9046D4D24D",
        "type": "SELL",
        "value": 11922.288241,
        "wallet": "terra1ydeh9exz82qrzw82ycjr6n462u5ldt8m8qt4rh"
      },
      {
        "amount": 1138.843583,
        "baseAmount": 12023.958115,
        "baseSymbol": "CWLUNC",
        "executionType": "direct",
        "pairId": "astro-cwlunc",
        "price": 10.558041766654094,
        "sourceContract": "terra1nujm9zqa4hpaz9s8wrhrp86h3m9xwprjt9kmf9",
        "sourcePairId": "astro-cwlunc-ref-1",
        "sourceType": "reference",
        "timestamp": "2026-04-23T23:42:13Z",
        "tokenAmount": 1138.843583,
        "tokenSymbol": "ASTRO",
        "txhash": "EA8957C9410F74D7D856BE585CC458700C580920ED46C88B492884F14C2ED088",
        "type": "SELL",
        "value": 12023.958115,
        "wallet": "terra1ydeh9exz82qrzw82ycjr6n462u5ldt8m8qt4rh"
      },
      {
        "amount": 1104.715928,
        "baseAmount": 11737.359849,
        "baseSymbol": "CWLUNC",
        "executionType": "direct",
        "pairId": "astro-cwlunc",
        "price": 10.62477651630275,
        "sourceContract": "terra1nujm9zqa4hpaz9s8wrhrp86h3m9xwprjt9kmf9",
        "sourcePairId": "astro-cwlunc-ref-1",
        "sourceType": "reference",
        "timestamp": "2026-04-15T14:44:07Z",
        "tokenAmount": 1104.715928,
        "tokenSymbol": "ASTRO",
        "txhash": "BEAD3303DBD8C6F00ECC94D5047C6D6144EB1B339731FA402EEC6BBAAB953C36",
        "type": "BUY",
        "value": 11737.359849,
        "wallet": "terra1ydeh9exz82qrzw82ycjr6n462u5ldt8m8qt4rh"
      }
    ],
    "astro-cwustc": [
      {
        "amount": 15.0,
        "baseAmount": 158.615229,
        "baseSymbol": "CWUSTC",
        "executionType": "routed",
        "pairId": "astro-cwustc",
        "price": 10.5743486,
        "sourceContract": "terra1nynrxdccq0r9ghrz0sq7tjkkh8wug0ggg4lkzsags8r9dyhf7ypqx5gsr8",
        "sourcePairId": "astro-cwustc",
        "sourceType": "routed",
        "timestamp": "2026-04-13T19:56:36Z",
        "tokenAmount": 15.0,
        "tokenSymbol": "ASTRO",
        "txhash": "9B15978F01A8088EFF0D62DEE8AD8E611BDE4E0D9FF0900DB57DFDF0D369BEB6",
        "type": "SWAP",
        "value": 158.615229,
        "wallet": ""
      }
    ],
    "astro-lunc": [
      {
        "amount": 15000.0,
        "baseAmount": 2033.189727,
        "baseSymbol": "LUNC",
        "executionType": "routed",
        "pairId": "astro-lunc",
        "price": 0.1355459818,
        "sourceContract": "terra1nynrxdccq0r9ghrz0sq7tjkkh8wug0ggg4lkzsags8r9dyhf7ypqx5gsr8",
        "sourcePairId": "astro-lunc",
        "sourceType": "routed",
        "timestamp": "2026-05-15T05:50:11Z",
        "tokenAmount": 15000.0,
        "tokenSymbol": "ASTRO",
        "txhash": "E14A94B895A8EE6FA48876D0CF0999741DDDB910CA65277585C64D1D68A5EB72",
        "type": "SWAP",
        "value": 2033.189727,
        "wallet": ""
      },
      {
        "amount": 1500.0,
        "baseAmount": 286.811595,
        "baseSymbol": "LUNC",
        "executionType": "routed",
        "pairId": "astro-lunc",
        "price": 0.19120773000000002,
        "sourceContract": "terra1nynrxdccq0r9ghrz0sq7tjkkh8wug0ggg4lkzsags8r9dyhf7ypqx5gsr8",
        "sourcePairId": "astro-lunc",
        "sourceType": "routed",
        "timestamp": "2026-05-02T01:04:01Z",
        "tokenAmount": 1500.0,
        "tokenSymbol": "ASTRO",
        "txhash": "3A0794DB72932B4DF690E86D06ACE4CF79D80A436CFBCB7336CF52ACB06A9387",
        "type": "SWAP",
        "value": 286.811595,
        "wallet": ""
      },
      {
        "amount": 349.809,
        "baseAmount": 2762.288666,
        "baseSymbol": "LUNC",
        "executionType": "routed",
        "pairId": "astro-lunc",
        "price": 7.89656259844658,
        "sourceContract": "terra1nynrxdccq0r9ghrz0sq7tjkkh8wug0ggg4lkzsags8r9dyhf7ypqx5gsr8",
        "sourcePairId": "astro-lunc",
        "sourceType": "routed",
        "timestamp": "2026-04-30T02:37:34Z",
        "tokenAmount": 349.809,
        "tokenSymbol": "ASTRO",
        "txhash": "957A091D57827B3D8CD4CB2CDE83B3B4B329CAA9DABF0F7A2584164897B6AD36",
        "type": "SWAP",
        "value": 2762.288666,
        "wallet": ""
      },
      {
        "amount": 321.0,
        "baseAmount": 139.169707,
        "baseSymbol": "LUNC",
        "executionType": "routed",
        "pairId": "astro-lunc",
        "price": 0.4335504890965732,
        "sourceContract": "terra1nynrxdccq0r9ghrz0sq7tjkkh8wug0ggg4lkzsags8r9dyhf7ypqx5gsr8",
        "sourcePairId": "astro-lunc",
        "sourceType": "routed",
        "timestamp": "2026-04-29T23:47:00Z",
        "tokenAmount": 321.0,
        "tokenSymbol": "ASTRO",
        "txhash": "6E12396D80A17D1ABE545FEF6BF64324946D3F7D8BD2EF9DF0C5D43DEC1B157D",
        "type": "SWAP",
        "value": 139.169707,
        "wallet": ""
      },
      {
        "amount": 123.0,
        "baseAmount": 113.232296,
        "baseSymbol": "LUNC",
        "executionType": "routed",
        "pairId": "astro-lunc",
        "price": 0.9205877723577236,
        "sourceContract": "terra1nynrxdccq0r9ghrz0sq7tjkkh8wug0ggg4lkzsags8r9dyhf7ypqx5gsr8",
        "sourcePairId": "astro-lunc",
        "sourceType": "routed",
        "timestamp": "2026-04-27T01:15:44Z",
        "tokenAmount": 123.0,
        "tokenSymbol": "ASTRO",
        "txhash": "6EDF3DBF10E9766C278157A5432CABC7BE877E3DA8B9892BD272F8CB52926C8D",
        "type": "SWAP",
        "value": 113.232296,
        "wallet": ""
      }
    ],
    "astro-mdot": [],
    "astro-ustc": [
      {
        "amount": 506.638385,
        "baseAmount": 45.102681,
        "baseSymbol": "USTC",
        "executionType": "routed",
        "pairId": "astro-ustc",
        "price": 0.08902341854733331,
        "sourceContract": "terra1nynrxdccq0r9ghrz0sq7tjkkh8wug0ggg4lkzsags8r9dyhf7ypqx5gsr8",
        "sourcePairId": "astro-ustc",
        "sourceType": "routed",
        "timestamp": "2026-05-10T19:15:39Z",
        "tokenAmount": 506.638385,
        "tokenSymbol": "ASTRO",
        "txhash": "0E266C8F919D68561FBF3B1B4BC56C166343AEF86F181AC174E6EE84CF857FED",
        "type": "SWAP",
        "value": 45.102681,
        "wallet": ""
      },
      {
        "amount": 36.236339,
        "baseAmount": 506.638385,
        "baseSymbol": "USTC",
        "executionType": "routed",
        "pairId": "astro-ustc",
        "price": 13.981500311055154,
        "sourceContract": "terra1nynrxdccq0r9ghrz0sq7tjkkh8wug0ggg4lkzsags8r9dyhf7ypqx5gsr8",
        "sourcePairId": "astro-ustc",
        "sourceType": "routed",
        "timestamp": "2026-05-10T19:15:10Z",
        "tokenAmount": 36.236339,
        "tokenSymbol": "ASTRO",
        "txhash": "94798D0882E4E77846AE6D742A70320B4614594B35EA066CB10D5ABF03BF8BE1",
        "type": "SWAP",
        "value": 506.638385,
        "wallet": ""
      },
      {
        "amount": 10.0,
        "baseAmount": 210.639991,
        "baseSymbol": "ASTRO",
        "executionType": "routed",
        "pairId": "astro-ustc",
        "price": 21.0639991,
        "sourceContract": "terra1nynrxdccq0r9ghrz0sq7tjkkh8wug0ggg4lkzsags8r9dyhf7ypqx5gsr8",
        "sourcePairId": "astro-ustc",
        "sourceType": "routed",
        "timestamp": "2026-04-29T03:23:31Z",
        "tokenAmount": 10.0,
        "tokenSymbol": "USTC",
        "txhash": "0708252269F1C2D8FC582C5255CB0884E99569972ACEC3E10D468C436E425322",
        "type": "SWAP",
        "value": 210.639991,
        "wallet": ""
      }
    ],
    "astro-wavax": [],
    "cwlunc-cwustc": [
      {
        "amount": 198.971927,
        "baseAmount": 2.5,
        "baseSymbol": "CWUSTC",
        "executionType": "direct",
        "pairId": "cwlunc-cwustc",
        "price": 0.012564586560997622,
        "sourceContract": "terra1l7vy20x940je7lskm6x9s839vjsmekz9k9mv7g",
        "sourcePairId": "cwlunc-cwustc-ref-1",
        "sourceType": "reference",
        "timestamp": "2026-05-20T11:43:12Z",
        "tokenAmount": 198.971927,
        "tokenSymbol": "CWLUNC",
        "txhash": "7A0FCD1AF3B798F4D55E6C42E5D24D893BA163EF43D7DDBC04B3C8A29FB5E85A",
        "type": "BUY",
        "value": 2.5,
        "wallet": "terra1yqcgu4w7sfz4taezevc4lk946uuvvt2dfaulq5"
      },
      {
        "amount": 2039.129545,
        "baseAmount": 25.620563,
        "baseSymbol": "CWUSTC",
        "executionType": "direct",
        "pairId": "cwlunc-cwustc",
        "price": 0.012564460685110617,
        "sourceContract": "terra1l7vy20x940je7lskm6x9s839vjsmekz9k9mv7g",
        "sourcePairId": "cwlunc-cwustc-ref-1",
        "sourceType": "reference",
        "timestamp": "2026-05-20T10:03:16Z",
        "tokenAmount": 2039.129545,
        "tokenSymbol": "CWLUNC",
        "txhash": "0A90872FE66DF258C0784B6FB467434311145A839F9B1C2F76E4981D71B39B84",
        "type": "BUY",
        "value": 25.620563,
        "wallet": "terra1uheu2qm8yuy3p22682ep5vkn8mt2hwxa27yq2c"
      },
      {
        "amount": 159.180705,
        "baseAmount": 2.0,
        "baseSymbol": "CWUSTC",
        "executionType": "direct",
        "pairId": "cwlunc-cwustc",
        "price": 0.012564336864822908,
        "sourceContract": "terra1l7vy20x940je7lskm6x9s839vjsmekz9k9mv7g",
        "sourcePairId": "cwlunc-cwustc-ref-1",
        "sourceType": "reference",
        "timestamp": "2026-05-20T07:03:18Z",
        "tokenAmount": 159.180705,
        "tokenSymbol": "CWLUNC",
        "txhash": "A64A3311D52AC6FAB991801E1082A2DE0B72C1674FA88CED3C563F0B80B6467B",
        "type": "BUY",
        "value": 2.0,
        "wallet": "terra1xwx8e5ufauznd4yc9f7kectxe5nrmfuh80rew2"
      },
      {
        "amount": 347452.477984,
        "baseAmount": 4358.730869,
        "baseSymbol": "CWUSTC",
        "executionType": "direct",
        "pairId": "cwlunc-cwustc",
        "price": 0.01254482596955523,
        "sourceContract": "terra1l7vy20x940je7lskm6x9s839vjsmekz9k9mv7g",
        "sourcePairId": "cwlunc-cwustc-ref-1",
        "sourceType": "reference",
        "timestamp": "2026-05-20T06:13:27Z",
        "tokenAmount": 347452.477984,
        "tokenSymbol": "CWLUNC",
        "txhash": "AC2FB6816484115114860F05B2C364C339FA2A62976AA2BD5E83C2BCA3A1F416",
        "type": "BUY",
        "value": 4358.730869,
        "wallet": "terra16q2nh2jcrh9p28gq8aml03fcumw4ja70c083rm"
      },
      {
        "amount": 348536.071081,
        "baseAmount": 4358.730869,
        "baseSymbol": "CWUSTC",
        "executionType": "direct",
        "pairId": "cwlunc-cwustc",
        "price": 0.012505824305304196,
        "sourceContract": "terra1l7vy20x940je7lskm6x9s839vjsmekz9k9mv7g",
        "sourcePairId": "cwlunc-cwustc-ref-1",
        "sourceType": "reference",
        "timestamp": "2026-05-20T06:13:03Z",
        "tokenAmount": 348536.071081,
        "tokenSymbol": "CWLUNC",
        "txhash": "B50336B0E6D5255F8EF4B970F3CA74620149017D6187B0F6FF687C29A27C2160",
        "type": "BUY",
        "value": 4358.730869,
        "wallet": "terra16q2nh2jcrh9p28gq8aml03fcumw4ja70c083rm"
      },
      {
        "amount": 8009.047975,
        "baseAmount": 100.0,
        "baseSymbol": "CWUSTC",
        "executionType": "direct",
        "pairId": "cwlunc-cwustc",
        "price": 0.012485878510423081,
        "sourceContract": "terra1l7vy20x940je7lskm6x9s839vjsmekz9k9mv7g",
        "sourcePairId": "cwlunc-cwustc-ref-1",
        "sourceType": "reference",
        "timestamp": "2026-05-20T05:53:24Z",
        "tokenAmount": 8009.047975,
        "tokenSymbol": "CWLUNC",
        "txhash": "3347903AEE4EADCC11424501AC437934C3909485E72F5C1C3F3AA01BEAAFA8F1",
        "type": "BUY",
        "value": 100.0,
        "wallet": "terra16f7l6pxmxz8uzq6kxnznnfqaz3nvu8ys3sjmr4"
      },
      {
        "amount": 15148.754905,
        "baseAmount": 189.125958,
        "baseSymbol": "CWUSTC",
        "executionType": "direct",
        "pairId": "cwlunc-cwustc",
        "price": 0.012484587623605757,
        "sourceContract": "terra1l7vy20x940je7lskm6x9s839vjsmekz9k9mv7g",
        "sourcePairId": "cwlunc-cwustc-ref-1",
        "sourceType": "reference",
        "timestamp": "2026-05-20T05:42:02Z",
        "tokenAmount": 15148.754905,
        "tokenSymbol": "CWLUNC",
        "txhash": "612118E006F0E57040C4617E4EED13D4E56DF89FCFE133E358CEBE169362D6CB",
        "type": "BUY",
        "value": 189.125958,
        "wallet": "terra1ax722c474a87evqv727f4ar4unf76cw9yeld4q"
      },
      {
        "amount": 2162.83397,
        "baseAmount": 27.0,
        "baseSymbol": "CWUSTC",
        "executionType": "direct",
        "pairId": "cwlunc-cwustc",
        "price": 0.01248362120001287,
        "sourceContract": "terra1l7vy20x940je7lskm6x9s839vjsmekz9k9mv7g",
        "sourcePairId": "cwlunc-cwustc-ref-1",
        "sourceType": "reference",
        "timestamp": "2026-05-20T05:19:51Z",
        "tokenAmount": 2162.83397,
        "tokenSymbol": "CWLUNC",
        "txhash": "1D1795040A4E0509675C84ABFF5F884614A95F1F54E3828AFB4E9E74FB399ECD",
        "type": "BUY",
        "value": 27.0,
        "wallet": "terra155pdra7nwzmveqpqnla9aaxd3l8g5qngkylrpw"
      },
      {
        "amount": 542.56668,
        "baseAmount": 6.773115,
        "baseSymbol": "CWUSTC",
        "executionType": "direct",
        "pairId": "cwlunc-cwustc",
        "price": 0.012483470234478829,
        "sourceContract": "terra1l7vy20x940je7lskm6x9s839vjsmekz9k9mv7g",
        "sourcePairId": "cwlunc-cwustc-ref-1",
        "sourceType": "reference",
        "timestamp": "2026-05-20T03:55:11Z",
        "tokenAmount": 542.56668,
        "tokenSymbol": "CWLUNC",
        "txhash": "72710F40DA5B366DE5186CDF7A949E97E75C2CA0FAA9CB4F08D43725BAD8D6D7",
        "type": "BUY",
        "value": 6.773115,
        "wallet": "terra1sx0rjpjwe3jc2t3r2qttz9ta3sdsc9zhrfdlfn"
      },
      {
        "amount": 162838.829675,
        "baseAmount": 2024.835232,
        "baseSymbol": "CWUSTC",
        "executionType": "direct",
        "pairId": "cwlunc-cwustc",
        "price": 0.012434597055513382,
        "sourceContract": "terra1m6ywlgn6wrjuagcmmezzz2a029gtldhey5k552",
        "sourcePairId": "cwlunc-cwustc-ref-2",
        "sourceType": "reference",
        "timestamp": "2026-05-20T03:32:52Z",
        "tokenAmount": 162838.829675,
        "tokenSymbol": "CWLUNC",
        "txhash": "2AEEA91E626C47A5A1603A1708490D88BCB745C6F92460D986E98AE42E96CCE5",
        "type": "SELL",
        "value": 2024.835232,
        "wallet": "terra1ak9s7ugpaurevr7myydqa6yae7856wf3089neh"
      },
      {
        "amount": 162844.347944,
        "baseAmount": 2026.201305,
        "baseSymbol": "CWUSTC",
        "executionType": "direct",
        "pairId": "cwlunc-cwustc",
        "price": 0.012442564513794385,
        "sourceContract": "terra1m6ywlgn6wrjuagcmmezzz2a029gtldhey5k552",
        "sourcePairId": "cwlunc-cwustc-ref-2",
        "sourceType": "reference",
        "timestamp": "2026-05-20T03:32:46Z",
        "tokenAmount": 162844.347944,
        "tokenSymbol": "CWLUNC",
        "txhash": "EF8841A30E038DB93181C87C95DC4D78E034E0D1746BF3D81C9D4BF18F84E7C0",
        "type": "SELL",
        "value": 2026.201305,
        "wallet": "terra1ak9s7ugpaurevr7myydqa6yae7856wf3089neh"
      },
      {
        "amount": 162756.001627,
        "baseAmount": 2026.399718,
        "baseSymbol": "CWUSTC",
        "executionType": "direct",
        "pairId": "cwlunc-cwustc",
        "price": 0.012450537600721174,
        "sourceContract": "terra1m6ywlgn6wrjuagcmmezzz2a029gtldhey5k552",
        "sourcePairId": "cwlunc-cwustc-ref-2",
        "sourceType": "reference",
        "timestamp": "2026-05-20T03:32:41Z",
        "tokenAmount": 162756.001627,
        "tokenSymbol": "CWLUNC",
        "txhash": "65BC48E18C2BE5115A486EE139D8B9C11E125216B4D4CACB0BD445FE65456C31",
        "type": "SELL",
        "value": 2026.399718,
        "wallet": "terra1ak9s7ugpaurevr7myydqa6yae7856wf3089neh"
      },
      {
        "amount": 162662.244806,
        "baseAmount": 2026.529836,
        "baseSymbol": "CWUSTC",
        "executionType": "direct",
        "pairId": "cwlunc-cwustc",
        "price": 0.012458513888191766,
        "sourceContract": "terra1m6ywlgn6wrjuagcmmezzz2a029gtldhey5k552",
        "sourcePairId": "cwlunc-cwustc-ref-2",
        "sourceType": "reference",
        "timestamp": "2026-05-20T03:32:11Z",
        "tokenAmount": 162662.244806,
        "tokenSymbol": "CWLUNC",
        "txhash": "E99A3EFE6D962F7BF422C08B4CBF1121A5642FAD6C2AFBDD007D8A640915BD5E",
        "type": "SELL",
        "value": 2026.529836,
        "wallet": "terra1ak9s7ugpaurevr7myydqa6yae7856wf3089neh"
      },
      {
        "amount": 162662.244806,
        "baseAmount": 2027.828151,
        "baseSymbol": "CWUSTC",
        "executionType": "direct",
        "pairId": "cwlunc-cwustc",
        "price": 0.012466495549833952,
        "sourceContract": "terra1m6ywlgn6wrjuagcmmezzz2a029gtldhey5k552",
        "sourcePairId": "cwlunc-cwustc-ref-2",
        "sourceType": "reference",
        "timestamp": "2026-05-20T03:32:05Z",
        "tokenAmount": 162662.244806,
        "tokenSymbol": "CWLUNC",
        "txhash": "11C5DB41E734AD55E6F7AE13CA9A45ED8257B83A952C21CA4272CE4ED05EA70C",
        "type": "SELL",
        "value": 2027.828151,
        "wallet": "terra1ak9s7ugpaurevr7myydqa6yae7856wf3089neh"
      },
      {
        "amount": 162074.554294,
        "baseAmount": 2021.794239,
        "baseSymbol": "CWUSTC",
        "executionType": "direct",
        "pairId": "cwlunc-cwustc",
        "price": 0.012474470454705096,
        "sourceContract": "terra1m6ywlgn6wrjuagcmmezzz2a029gtldhey5k552",
        "sourcePairId": "cwlunc-cwustc-ref-2",
        "sourceType": "reference",
        "timestamp": "2026-05-20T03:27:34Z",
        "tokenAmount": 162074.554294,
        "tokenSymbol": "CWLUNC",
        "txhash": "895CA843BBA02F47FBC89DDE8FF31C957CAFD6EEBB80EB7CDBEA2E5A27AED650",
        "type": "SELL",
        "value": 2021.794239,
        "wallet": "terra1ak9s7ugpaurevr7myydqa6yae7856wf3089neh"
      },
      {
        "amount": 162074.554294,
        "baseAmount": 2023.085664,
        "baseSymbol": "CWUSTC",
        "executionType": "direct",
        "pairId": "cwlunc-cwustc",
        "price": 0.012482438546955145,
        "sourceContract": "terra1m6ywlgn6wrjuagcmmezzz2a029gtldhey5k552",
        "sourcePairId": "cwlunc-cwustc-ref-2",
        "sourceType": "reference",
        "timestamp": "2026-05-20T03:27:28Z",
        "tokenAmount": 162074.554294,
        "tokenSymbol": "CWLUNC",
        "txhash": "21154B021B9F23B34EE4EE2AA6495B2E2E2AFCDAAF71D3861E24A92755FF2BF9",
        "type": "SELL",
        "value": 2023.085664,
        "wallet": "terra1ak9s7ugpaurevr7myydqa6yae7856wf3089neh"
      },
      {
        "amount": 162733.930024,
        "baseAmount": 2032.616843,
        "baseSymbol": "CWUSTC",
        "executionType": "direct",
        "pairId": "cwlunc-cwustc",
        "price": 0.012490430500266476,
        "sourceContract": "terra1m6ywlgn6wrjuagcmmezzz2a029gtldhey5k552",
        "sourcePairId": "cwlunc-cwustc-ref-2",
        "sourceType": "reference",
        "timestamp": "2026-05-20T02:53:10Z",
        "tokenAmount": 162733.930024,
        "tokenSymbol": "CWLUNC",
        "txhash": "E5287D15D05E131B816316B2EC59100E78DB6D790AB9ACDE2155B33DD52C3FE6",
        "type": "SELL",
        "value": 2032.616843,
        "wallet": "terra1ak9s7ugpaurevr7myydqa6yae7856wf3089neh"
      },
      {
        "amount": 162579.59626,
        "baseAmount": 2031.991751,
        "baseSymbol": "CWUSTC",
        "executionType": "direct",
        "pairId": "cwlunc-cwustc",
        "price": 0.012498442595160619,
        "sourceContract": "terra1m6ywlgn6wrjuagcmmezzz2a029gtldhey5k552",
        "sourcePairId": "cwlunc-cwustc-ref-2",
        "sourceType": "reference",
        "timestamp": "2026-05-20T02:52:05Z",
        "tokenAmount": 162579.59626,
        "tokenSymbol": "CWLUNC",
        "txhash": "1450F713EED1A5B9C5C9B3EB80ED9D3FF0E1C8EEE6FAB13B226B6D4E91C1A0D0",
        "type": "SELL",
        "value": 2031.991751,
        "wallet": "terra1ak9s7ugpaurevr7myydqa6yae7856wf3089neh"
      },
      {
        "amount": 162491.536899,
        "baseAmount": 2032.193327,
        "baseSymbol": "CWUSTC",
        "executionType": "direct",
        "pairId": "cwlunc-cwustc",
        "price": 0.012506456433255056,
        "sourceContract": "terra1m6ywlgn6wrjuagcmmezzz2a029gtldhey5k552",
        "sourcePairId": "cwlunc-cwustc-ref-2",
        "sourceType": "reference",
        "timestamp": "2026-05-20T02:51:42Z",
        "tokenAmount": 162491.536899,
        "tokenSymbol": "CWLUNC",
        "txhash": "4C5E40DD3D8ED39B2EB320E239B1804E852F41E61B73CC5426FDE2FD3B48FC54",
        "type": "SELL",
        "value": 2032.193327,
        "wallet": "terra1ak9s7ugpaurevr7myydqa6yae7856wf3089neh"
      },
      {
        "amount": 162403.572878,
        "baseAmount": 2032.39523,
        "baseSymbol": "CWUSTC",
        "executionType": "direct",
        "pairId": "cwlunc-cwustc",
        "price": 0.012514473628771491,
        "sourceContract": "terra1m6ywlgn6wrjuagcmmezzz2a029gtldhey5k552",
        "sourcePairId": "cwlunc-cwustc-ref-2",
        "sourceType": "reference",
        "timestamp": "2026-05-20T02:49:44Z",
        "tokenAmount": 162403.572878,
        "tokenSymbol": "CWLUNC",
        "txhash": "0D9325E0B88A36639F9482E870284D20BEAE6433066DECF63EF36C07375E4C13",
        "type": "SELL",
        "value": 2032.39523,
        "wallet": "terra1ak9s7ugpaurevr7myydqa6yae7856wf3089neh"
      },
      {
        "amount": 162315.704044,
        "baseAmount": 2032.597462,
        "baseSymbol": "CWUSTC",
        "executionType": "direct",
        "pairId": "cwlunc-cwustc",
        "price": 0.01252249419716659,
        "sourceContract": "terra1m6ywlgn6wrjuagcmmezzz2a029gtldhey5k552",
        "sourcePairId": "cwlunc-cwustc-ref-2",
        "sourceType": "reference",
        "timestamp": "2026-05-20T02:48:22Z",
        "tokenAmount": 162315.704044,
        "tokenSymbol": "CWLUNC",
        "txhash": "4B1D8574BF46D26B675A77855F4353DEAAAEC891BFDA167B2242B87CA947A971",
        "type": "SELL",
        "value": 2032.597462,
        "wallet": "terra1ak9s7ugpaurevr7myydqa6yae7856wf3089neh"
      },
      {
        "amount": 162206.001622,
        "baseAmount": 2032.525156,
        "baseSymbol": "CWUSTC",
        "executionType": "direct",
        "pairId": "cwlunc-cwustc",
        "price": 0.012530517586744635,
        "sourceContract": "terra1m6ywlgn6wrjuagcmmezzz2a029gtldhey5k552",
        "sourcePairId": "cwlunc-cwustc-ref-2",
        "sourceType": "reference",
        "timestamp": "2026-05-20T02:47:17Z",
        "tokenAmount": 162206.001622,
        "tokenSymbol": "CWLUNC",
        "txhash": "77EC7394098FFFFDA35FAE0A1FB5B33E4D58D23B7543D01F2C44FA7A35636F0E",
        "type": "SELL",
        "value": 2032.525156,
        "wallet": "terra1ak9s7ugpaurevr7myydqa6yae7856wf3089neh"
      },
      {
        "amount": 162090.980769,
        "baseAmount": 2032.384755,
        "baseSymbol": "CWUSTC",
        "executionType": "direct",
        "pairId": "cwlunc-cwustc",
        "price": 0.012538543140141793,
        "sourceContract": "terra1m6ywlgn6wrjuagcmmezzz2a029gtldhey5k552",
        "sourcePairId": "cwlunc-cwustc-ref-2",
        "sourceType": "reference",
        "timestamp": "2026-05-20T02:46:54Z",
        "tokenAmount": 162090.980769,
        "tokenSymbol": "CWLUNC",
        "txhash": "8643B29D5E69F6140EC37E92E84C4359A069223EBDA571B83066968C6E458209",
        "type": "SELL",
        "value": 2032.384755,
        "wallet": "terra1ak9s7ugpaurevr7myydqa6yae7856wf3089neh"
      },
      {
        "amount": 1950.0,
        "baseAmount": 24.19708,
        "baseSymbol": "CWUSTC",
        "executionType": "direct",
        "pairId": "cwlunc-cwustc",
        "price": 0.012408758974358974,
        "sourceContract": "terra1l7vy20x940je7lskm6x9s839vjsmekz9k9mv7g",
        "sourcePairId": "cwlunc-cwustc-ref-1",
        "sourceType": "reference",
        "timestamp": "2026-05-20T01:46:40Z",
        "tokenAmount": 1950.0,
        "tokenSymbol": "CWLUNC",
        "txhash": "5583D860661DDEACEC2DE9B86249D9434EE636FF0BC7B12F97DBAD1227B0DEC2",
        "type": "SELL",
        "value": 24.19708,
        "wallet": "terra18r8fqgenzay7zrvvwytsn9v0sh76tfr0dtd8pt"
      },
      {
        "amount": 90661.768105,
        "baseAmount": 1131.332952,
        "baseSymbol": "CWUSTC",
        "executionType": "direct",
        "pairId": "cwlunc-cwustc",
        "price": 0.012478611168157959,
        "sourceContract": "terra1l7vy20x940je7lskm6x9s839vjsmekz9k9mv7g",
        "sourcePairId": "cwlunc-cwustc-ref-1",
        "sourceType": "reference",
        "timestamp": "2026-05-20T00:43:01Z",
        "tokenAmount": 90661.768105,
        "tokenSymbol": "CWLUNC",
        "txhash": "75167D6527D7EFC848DF0C026B0A8FC6B4A98CFFAC84FDD98DC27468B8E45E17",
        "type": "BUY",
        "value": 1131.332952,
        "wallet": "terra1y3xxyzf33p8nhe50nwnklw5kzme7w9uc8wte7e"
      },
      {
        "amount": 12026.088168,
        "baseAmount": 150.0,
        "baseSymbol": "CWUSTC",
        "executionType": "direct",
        "pairId": "cwlunc-cwustc",
        "price": 0.012472883776050494,
        "sourceContract": "terra1l7vy20x940je7lskm6x9s839vjsmekz9k9mv7g",
        "sourcePairId": "cwlunc-cwustc-ref-1",
        "sourceType": "reference",
        "timestamp": "2026-05-20T00:32:10Z",
        "tokenAmount": 12026.088168,
        "tokenSymbol": "CWLUNC",
        "txhash": "BC4ACA3B87996F59AF81B9C3019F798CDDCFC0B75A78248412F3AD2923717347",
        "type": "BUY",
        "value": 150.0,
        "wallet": "terra1g3zc8lwwmkrm0cz9wkgl849pdqaw6cq8lh7872"
      },
      {
        "amount": 71815.115208,
        "baseAmount": 895.406768,
        "baseSymbol": "CWUSTC",
        "executionType": "direct",
        "pairId": "cwlunc-cwustc",
        "price": 0.012468221563198916,
        "sourceContract": "terra1l7vy20x940je7lskm6x9s839vjsmekz9k9mv7g",
        "sourcePairId": "cwlunc-cwustc-ref-1",
        "sourceType": "reference",
        "timestamp": "2026-05-20T00:22:46Z",
        "tokenAmount": 71815.115208,
        "tokenSymbol": "CWLUNC",
        "txhash": "E961FCC8653B4049CA25DE32311BF885F04B175917A917F255813A11BFBBBFEC",
        "type": "BUY",
        "value": 895.406768,
        "wallet": "terra1ns5hy94rg0l9z4du7u8htes2jl38s3v3n04e7q"
      },
      {
        "amount": 8365.896077,
        "baseAmount": 104.270476,
        "baseSymbol": "CWUSTC",
        "executionType": "direct",
        "pairId": "cwlunc-cwustc",
        "price": 0.012463754634326186,
        "sourceContract": "terra1l7vy20x940je7lskm6x9s839vjsmekz9k9mv7g",
        "sourcePairId": "cwlunc-cwustc-ref-1",
        "sourceType": "reference",
        "timestamp": "2026-05-20T00:03:38Z",
        "tokenAmount": 8365.896077,
        "tokenSymbol": "CWLUNC",
        "txhash": "41782D55EBAED3FEF12DBF48938DDAD3B751EC65B531BCE97505607B40850039",
        "type": "BUY",
        "value": 104.270476,
        "wallet": "terra1k6uweag3vym7f8srx80q7cj66u7vhm4xt6vq2t"
      },
      {
        "amount": 849.503181,
        "baseAmount": 10.463711,
        "baseSymbol": "CWUSTC",
        "executionType": "direct",
        "pairId": "cwlunc-cwustc",
        "price": 0.012317447696526047,
        "sourceContract": "terra1l7yt60npu2vj67v7qhdam3l7h0pejtsgysfjll2srqaxppt635pqqjh8hc",
        "sourcePairId": "cwlunc-cwustc",
        "sourceType": "primary",
        "timestamp": "2026-05-19T23:23:11Z",
        "tokenAmount": 849.503181,
        "tokenSymbol": "CWLUNC",
        "txhash": "F3068D5EC08F0AF5733F68FEDC49F015E083DC70437115C873D44CC1A7B788DC",
        "type": "BUY",
        "value": 10.463711,
        "wallet": "terra1nynrxdccq0r9ghrz0sq7tjkkh8wug0ggg4lkzsags8r9dyhf7ypqx5gsr8"
      },
      {
        "amount": 4634.823516,
        "baseAmount": 57.76395,
        "baseSymbol": "CWUSTC",
        "executionType": "direct",
        "pairId": "cwlunc-cwustc",
        "price": 0.012463031181358147,
        "sourceContract": "terra1l7vy20x940je7lskm6x9s839vjsmekz9k9mv7g",
        "sourcePairId": "cwlunc-cwustc-ref-1",
        "sourceType": "reference",
        "timestamp": "2026-05-19T22:53:33Z",
        "tokenAmount": 4634.823516,
        "tokenSymbol": "CWLUNC",
