{
  "pairs": {
    "amplunc-cwlunc": [
      {
        "amount": 541.836989,
        "baseAmount": 733.470117,
        "baseSymbol": "CWLUNC",
        "executionType": "direct",
        "pairId": "amplunc-cwlunc",
        "price": 1.3536730269258157,
        "sourceContract": "terra12gkp648mkgj6esr5y6dwc2q4mftnfzk2pudka8",
        "sourcePairId": "amplunc-cwlunc-ref-1",
        "sourceType": "reference",
        "timestamp": "2026-05-20T23:48:43Z",
        "tokenAmount": 541.836989,
        "tokenSymbol": "AMPLUNC",
        "txhash": "43F69DC083B7CD31AFE16B2F78BB1F26BE0D93B706D37AC37AF1F81740080E0E",
        "type": "SELL",
        "value": 733.470117,
        "wallet": "terra1g3zc8lwwmkrm0cz9wkgl849pdqaw6cq8lh7872"
      },
      {
        "amount": 3675.880758,
        "baseAmount": 5000.0,
        "baseSymbol": "CWLUNC",
        "executionType": "direct",
        "pairId": "amplunc-cwlunc",
        "price": 1.360218225011313,
        "sourceContract": "terra12gkp648mkgj6esr5y6dwc2q4mftnfzk2pudka8",
        "sourcePairId": "amplunc-cwlunc-ref-1",
        "sourceType": "reference",
        "timestamp": "2026-05-20T15:03:34Z",
        "tokenAmount": 3675.880758,
        "tokenSymbol": "AMPLUNC",
        "txhash": "97A6066EF53F74A0199C44034F0B8CBEE818DF9C09E8DD4DECDE9C14BFFD7B7A",
        "type": "BUY",
        "value": 5000.0,
        "wallet": "terra1g3zc8lwwmkrm0cz9wkgl849pdqaw6cq8lh7872"
      },
      {
        "amount": 8830.496186,
        "baseAmount": 11954.750194,
        "baseSymbol": "CWLUNC",
        "executionType": "direct",
        "pairId": "amplunc-cwlunc",
        "price": 1.3538027696510688,
        "sourceContract": "terra12gkp648mkgj6esr5y6dwc2q4mftnfzk2pudka8",
        "sourcePairId": "amplunc-cwlunc-ref-1",
        "sourceType": "reference",
        "timestamp": "2026-05-18T15:41:05Z",
        "tokenAmount": 8830.496186,
        "tokenSymbol": "AMPLUNC",
        "txhash": "3139F9952859EF5C803973B70DFC9B7601731CDF5507C6047038404EA6550720",
        "type": "BUY",
        "value": 11954.750194,
        "wallet": "terra1g3zc8lwwmkrm0cz9wkgl849pdqaw6cq8lh7872"
      },
      {
        "amount": 8048.803611,
        "baseAmount": 10827.804254,
        "baseSymbol": "CWLUNC",
        "executionType": "direct",
        "pairId": "amplunc-cwlunc",
        "price": 1.345268784941161,
        "sourceContract": "terra12gkp648mkgj6esr5y6dwc2q4mftnfzk2pudka8",
        "sourcePairId": "amplunc-cwlunc-ref-1",
        "sourceType": "reference",
        "timestamp": "2026-05-18T15:39:26Z",
        "tokenAmount": 8048.803611,
        "tokenSymbol": "AMPLUNC",
        "txhash": "90388EDB0E17145937F0B52D15D9362FDC1CECF5773E382B72B5850874AE133C",
        "type": "SELL",
        "value": 10827.804254,
        "wallet": "terra1ydeh9exz82qrzw82ycjr6n462u5ldt8m8qt4rh"
      },
      {
        "amount": 7110.750932,
        "baseAmount": 9647.557934,
        "baseSymbol": "CWLUNC",
        "executionType": "direct",
        "pairId": "amplunc-cwlunc",
        "price": 1.3567565544426246,
        "sourceContract": "terra1r8k9pea8wmt93l703azhs82kpjva0cpq8tq5at",
        "sourcePairId": "amplunc-cwlunc-ref-3",
        "sourceType": "reference",
        "timestamp": "2026-05-17T02:12:55Z",
        "tokenAmount": 7110.750932,
        "tokenSymbol": "AMPLUNC",
        "txhash": "22A33356958B387D5DB9C8DAD395B53F5261F344328718D816341D34675C3EE0",
        "type": "SELL",
        "value": 9647.557934,
        "wallet": "terra1ydeh9exz82qrzw82ycjr6n462u5ldt8m8qt4rh"
      },
      {
        "amount": 8130.17508,
        "baseAmount": 11004.253027,
        "baseSymbol": "CWLUNC",
        "executionType": "direct",
        "pairId": "amplunc-cwlunc",
        "price": 1.3535075098284355,
        "sourceContract": "terra12gkp648mkgj6esr5y6dwc2q4mftnfzk2pudka8",
        "sourcePairId": "amplunc-cwlunc-ref-1",
        "sourceType": "reference",
        "timestamp": "2026-05-17T00:07:37Z",
        "tokenAmount": 8130.17508,
        "tokenSymbol": "AMPLUNC",
        "txhash": "9A584D04713B5AAB8FA876CBA79170357A1A0F68A4E71EEA5430624D1F4AFE40",
        "type": "SELL",
        "value": 11004.253027,
        "wallet": "terra1ydeh9exz82qrzw82ycjr6n462u5ldt8m8qt4rh"
      },
      {
        "amount": 6268.490414,
        "baseAmount": 8378.439729,
        "baseSymbol": "CWLUNC",
        "executionType": "direct",
        "pairId": "amplunc-cwlunc",
        "price": 1.336596082254135,
        "sourceContract": "terra132qwlqxffksjfg6ntzp4m5786lrlmgrufzx5c6",
        "sourcePairId": "amplunc-cwlunc-ref-2",
        "sourceType": "reference",
        "timestamp": "2026-05-17T00:02:27Z",
        "tokenAmount": 6268.490414,
        "tokenSymbol": "AMPLUNC",
        "txhash": "20660B5C9B5A7637F8BACCBB1B59017BECAE9D3BE7D68B92DD43BC69A1C7BB0C",
        "type": "BUY",
        "value": 8378.439729,
        "wallet": "terra1ydeh9exz82qrzw82ycjr6n462u5ldt8m8qt4rh"
      },
      {
        "amount": 7499.968759,
        "baseAmount": 10211.499106,
        "baseSymbol": "CWLUNC",
        "executionType": "direct",
        "pairId": "amplunc-cwlunc",
        "price": 1.3615388855781765,
        "sourceContract": "terra12gkp648mkgj6esr5y6dwc2q4mftnfzk2pudka8",
        "sourcePairId": "amplunc-cwlunc-ref-1",
        "sourceType": "reference",
        "timestamp": "2026-05-16T23:48:16Z",
        "tokenAmount": 7499.968759,
        "tokenSymbol": "AMPLUNC",
        "txhash": "C4351D8D7F420396EF4C26E1D594BF7C3F19032E776E19CD0546DAF09AFDFF28",
        "type": "SELL",
        "value": 10211.499106,
        "wallet": "terra1q7a9kg5xusufjfjp3v8ghsc7urfrlj8m99hlwh"
      },
      {
        "amount": 7839.166276,
        "baseAmount": 10459.011479,
        "baseSymbol": "CWLUNC",
        "executionType": "direct",
        "pairId": "amplunc-cwlunc",
        "price": 1.3341994685099088,
        "sourceContract": "terra132qwlqxffksjfg6ntzp4m5786lrlmgrufzx5c6",
        "sourcePairId": "amplunc-cwlunc-ref-2",
        "sourceType": "reference",
        "timestamp": "2026-05-16T19:22:24Z",
        "tokenAmount": 7839.166276,
        "tokenSymbol": "AMPLUNC",
        "txhash": "833EA883549334C1D7EC4CEBF55168D8F3595DF7A94C4D17D12C2028CCCA78FD",
        "type": "BUY",
        "value": 10459.011479,
        "wallet": "terra1ydeh9exz82qrzw82ycjr6n462u5ldt8m8qt4rh"
      },
      {
        "amount": 7846.065598,
        "baseAmount": 10745.140091,
        "baseSymbol": "CWLUNC",
        "executionType": "direct",
        "pairId": "amplunc-cwlunc",
        "price": 1.369494042178157,
        "sourceContract": "terra12gkp648mkgj6esr5y6dwc2q4mftnfzk2pudka8",
        "sourcePairId": "amplunc-cwlunc-ref-1",
        "sourceType": "reference",
        "timestamp": "2026-05-16T19:21:02Z",
        "tokenAmount": 7846.065598,
        "tokenSymbol": "AMPLUNC",
        "txhash": "90E1563FEBE0A96C7EF816C39CECD1A7D1C3F2630B18A562CDAB4F93855E6D31",
        "type": "SELL",
        "value": 10745.140091,
        "wallet": "terra1ydeh9exz82qrzw82ycjr6n462u5ldt8m8qt4rh"
      },
      {
        "amount": 9902.69554,
        "baseAmount": 13632.760808,
        "baseSymbol": "CWLUNC",
        "executionType": "direct",
        "pairId": "amplunc-cwlunc",
        "price": 1.3766717105391286,
        "sourceContract": "terra12gkp648mkgj6esr5y6dwc2q4mftnfzk2pudka8",
        "sourcePairId": "amplunc-cwlunc-ref-1",
        "sourceType": "reference",
        "timestamp": "2026-05-16T11:40:23Z",
        "tokenAmount": 9902.69554,
        "tokenSymbol": "AMPLUNC",
        "txhash": "CC1603DC6056B2E9F2AF8309A566332EB889DDC9CC02E75EED66949E8CE21148",
        "type": "BUY",
        "value": 13632.760808,
        "wallet": "terra1q7a9kg5xusufjfjp3v8ghsc7urfrlj8m99hlwh"
      },
      {
        "amount": 10817.110198,
        "baseAmount": 14807.205626,
        "baseSymbol": "CWLUNC",
        "executionType": "direct",
        "pairId": "amplunc-cwlunc",
        "price": 1.3688688896538872,
        "sourceContract": "terra12gkp648mkgj6esr5y6dwc2q4mftnfzk2pudka8",
        "sourcePairId": "amplunc-cwlunc-ref-1",
        "sourceType": "reference",
        "timestamp": "2026-05-16T10:50:29Z",
        "tokenAmount": 10817.110198,
        "tokenSymbol": "AMPLUNC",
        "txhash": "001018A1F6A517012CF769C9F4DE9ED306278441CAA5408C986854EFC389048C",
        "type": "SELL",
        "value": 14807.205626,
        "wallet": "terra1ydeh9exz82qrzw82ycjr6n462u5ldt8m8qt4rh"
      },
      {
        "amount": 8167.535725,
        "baseAmount": 10844.931711,
        "baseSymbol": "CWLUNC",
        "executionType": "direct",
        "pairId": "amplunc-cwlunc",
        "price": 1.327809522498293,
        "sourceContract": "terra132qwlqxffksjfg6ntzp4m5786lrlmgrufzx5c6",
        "sourcePairId": "amplunc-cwlunc-ref-2",
        "sourceType": "reference",
        "timestamp": "2026-05-16T10:48:26Z",
        "tokenAmount": 8167.535725,
        "tokenSymbol": "AMPLUNC",
        "txhash": "073555708611EE91B19B7F4390C95A76C0CD0C13AD65BB2B846B59356DAD3555",
        "type": "BUY",
        "value": 10844.931711,
        "wallet": "terra1ydeh9exz82qrzw82ycjr6n462u5ldt8m8qt4rh"
      },
      {
        "amount": 10854.02703,
        "baseAmount": 14980.886513,
        "baseSymbol": "CWLUNC",
        "executionType": "direct",
        "pairId": "amplunc-cwlunc",
        "price": 1.3802145942324966,
        "sourceContract": "terra12gkp648mkgj6esr5y6dwc2q4mftnfzk2pudka8",
        "sourcePairId": "amplunc-cwlunc-ref-1",
        "sourceType": "reference",
        "timestamp": "2026-05-16T10:47:50Z",
        "tokenAmount": 10854.02703,
        "tokenSymbol": "AMPLUNC",
        "txhash": "EAAA5B4B604AEBF863FBFDB9115F45C31EE190BD37EEA70B38CC90C3C80BFAD5",
        "type": "SELL",
        "value": 14980.886513,
        "wallet": "terra1ydeh9exz82qrzw82ycjr6n462u5ldt8m8qt4rh"
      },
      {
        "amount": 10533.643134,
        "baseAmount": 14658.09875,
        "baseSymbol": "CWLUNC",
        "executionType": "direct",
        "pairId": "amplunc-cwlunc",
        "price": 1.3915507259484874,
        "sourceContract": "terra12gkp648mkgj6esr5y6dwc2q4mftnfzk2pudka8",
        "sourcePairId": "amplunc-cwlunc-ref-1",
        "sourceType": "reference",
        "timestamp": "2026-05-16T10:47:32Z",
        "tokenAmount": 10533.643134,
        "tokenSymbol": "AMPLUNC",
        "txhash": "CFA5F91A7F4C3FC556304474E36E874833A74A7455B04C0B982D7D4B85AB84AB",
        "type": "SELL",
        "value": 14658.09875,
        "wallet": "terra1q7a9kg5xusufjfjp3v8ghsc7urfrlj8m99hlwh"
      },
      {
        "amount": 26035.513264,
        "baseAmount": 36743.320978,
        "baseSymbol": "CWLUNC",
        "executionType": "direct",
        "pairId": "amplunc-cwlunc",
        "price": 1.4112769971316823,
        "sourceContract": "terra12gkp648mkgj6esr5y6dwc2q4mftnfzk2pudka8",
        "sourcePairId": "amplunc-cwlunc-ref-1",
        "sourceType": "reference",
        "timestamp": "2026-05-16T10:47:26Z",
        "tokenAmount": 26035.513264,
        "tokenSymbol": "AMPLUNC",
        "txhash": "05A17AFE51B09FCA940B839ECAB565EDBEE59050690909B569694FAA31EBCAD8",
        "type": "SELL",
        "value": 36743.320978,
        "wallet": "terra1q7a9kg5xusufjfjp3v8ghsc7urfrlj8m99hlwh"
      },
      {
        "amount": 71669.444164,
        "baseAmount": 100000.0,
        "baseSymbol": "CWLUNC",
        "executionType": "direct",
        "pairId": "amplunc-cwlunc",
        "price": 1.3952947614770341,
        "sourceContract": "terra12gkp648mkgj6esr5y6dwc2q4mftnfzk2pudka8",
        "sourcePairId": "amplunc-cwlunc-ref-1",
        "sourceType": "reference",
        "timestamp": "2026-05-16T10:47:20Z",
        "tokenAmount": 71669.444164,
        "tokenSymbol": "AMPLUNC",
        "txhash": "758E796CCDCDF79FB25E0351768B043912CC48543A34CD071126AE8153A8305D",
        "type": "BUY",
        "value": 100000.0,
        "wallet": "terra1zafpjz7h4x9cd8n5rf9lxz7tru352taxtl8jeu"
      },
      {
        "amount": 9313.079845,
        "baseAmount": 12597.093408,
        "baseSymbol": "CWLUNC",
        "executionType": "direct",
        "pairId": "amplunc-cwlunc",
        "price": 1.352623795528084,
        "sourceContract": "terra12gkp648mkgj6esr5y6dwc2q4mftnfzk2pudka8",
        "sourcePairId": "amplunc-cwlunc-ref-1",
        "sourceType": "reference",
        "timestamp": "2026-05-15T23:18:51Z",
        "tokenAmount": 9313.079845,
        "tokenSymbol": "AMPLUNC",
        "txhash": "6D3DC8B621CD98A05F0670BE5A4C4948E1D1833487F48B3A3E022973C8D68530",
        "type": "BUY",
        "value": 12597.093408,
        "wallet": "terra1g3zc8lwwmkrm0cz9wkgl849pdqaw6cq8lh7872"
      },
      {
        "amount": 19185.777618,
        "baseAmount": 25674.315176,
        "baseSymbol": "CWLUNC",
        "executionType": "direct",
        "pairId": "amplunc-cwlunc",
        "price": 1.3381951822433555,
        "sourceContract": "terra12gkp648mkgj6esr5y6dwc2q4mftnfzk2pudka8",
        "sourcePairId": "amplunc-cwlunc-ref-1",
        "sourceType": "reference",
        "timestamp": "2026-05-15T23:17:46Z",
        "tokenAmount": 19185.777618,
        "tokenSymbol": "AMPLUNC",
        "txhash": "844E3A7B297419D8765E329BC027D45CAB9F26078B1C83192F1BF470A8BABCC4",
        "type": "BUY",
        "value": 25674.315176,
        "wallet": "terra1g3zc8lwwmkrm0cz9wkgl849pdqaw6cq8lh7872"
      },
      {
        "amount": 3150.410911,
        "baseAmount": 4180.603371,
        "baseSymbol": "CWLUNC",
        "executionType": "direct",
        "pairId": "amplunc-cwlunc",
        "price": 1.3270025685865205,
        "sourceContract": "terra12gkp648mkgj6esr5y6dwc2q4mftnfzk2pudka8",
        "sourcePairId": "amplunc-cwlunc-ref-1",
        "sourceType": "reference",
        "timestamp": "2026-05-15T19:50:57Z",
        "tokenAmount": 3150.410911,
        "tokenSymbol": "AMPLUNC",
        "txhash": "F34D35FC6CAF008B11A04FFE442295CDA12E80826E4302F185C35702558D8C8F",
        "type": "BUY",
        "value": 4180.603371,
        "wallet": "terra1g3zc8lwwmkrm0cz9wkgl849pdqaw6cq8lh7872"
      },
      {
        "amount": 7996.843362,
        "baseAmount": 10611.411883,
        "baseSymbol": "CWLUNC",
        "executionType": "direct",
        "pairId": "amplunc-cwlunc",
        "price": 1.326950073003068,
        "sourceContract": "terra1r8k9pea8wmt93l703azhs82kpjva0cpq8tq5at",
        "sourcePairId": "amplunc-cwlunc-ref-3",
        "sourceType": "reference",
        "timestamp": "2026-05-15T02:37:51Z",
        "tokenAmount": 7996.843362,
        "tokenSymbol": "AMPLUNC",
        "txhash": "0F960D6708262A9E9325DAFED62844E0D074836E5AD13FAB6D1FFE3A7A36A49F",
        "type": "BUY",
        "value": 10611.411883,
        "wallet": "terra1q7a9kg5xusufjfjp3v8ghsc7urfrlj8m99hlwh"
      },
      {
        "amount": 8319.424727,
        "baseAmount": 10992.71171,
        "baseSymbol": "CWLUNC",
        "executionType": "direct",
        "pairId": "amplunc-cwlunc",
        "price": 1.3213307495077238,
        "sourceContract": "terra12gkp648mkgj6esr5y6dwc2q4mftnfzk2pudka8",
        "sourcePairId": "amplunc-cwlunc-ref-1",
        "sourceType": "reference",
        "timestamp": "2026-05-14T01:55:54Z",
        "tokenAmount": 8319.424727,
        "tokenSymbol": "AMPLUNC",
        "txhash": "C462D4ADA7A38FFD96DBB5018D03B25073C1D9A4F35A153CCFA215827AC64845",
        "type": "BUY",
        "value": 10992.71171,
        "wallet": "terra1q7a9kg5xusufjfjp3v8ghsc7urfrlj8m99hlwh"
      },
      {
        "amount": 7877.946845,
        "baseAmount": 10346.682813,
        "baseSymbol": "CWLUNC",
        "executionType": "direct",
        "pairId": "amplunc-cwlunc",
        "price": 1.313373016672087,
        "sourceContract": "terra12gkp648mkgj6esr5y6dwc2q4mftnfzk2pudka8",
        "sourcePairId": "amplunc-cwlunc-ref-1",
        "sourceType": "reference",
        "timestamp": "2026-05-14T01:01:01Z",
        "tokenAmount": 7877.946845,
        "tokenSymbol": "AMPLUNC",
        "txhash": "AF15CB4D21BFD9C3B0A7845CFAFD84835CD81874B9D535EEE2E200A2EBB30E49",
        "type": "BUY",
        "value": 10346.682813,
        "wallet": "terra1q7a9kg5xusufjfjp3v8ghsc7urfrlj8m99hlwh"
      },
      {
        "amount": 7017.407119,
        "baseAmount": 9206.121666,
        "baseSymbol": "CWLUNC",
        "executionType": "direct",
        "pairId": "amplunc-cwlunc",
        "price": 1.3118979004472946,
        "sourceContract": "terra1r8k9pea8wmt93l703azhs82kpjva0cpq8tq5at",
        "sourcePairId": "amplunc-cwlunc-ref-3",
        "sourceType": "reference",
        "timestamp": "2026-05-13T23:08:03Z",
        "tokenAmount": 7017.407119,
        "tokenSymbol": "AMPLUNC",
        "txhash": "D4945FA4DBC47FB8FCB4F7C769E8F463897815DA1929942AD948C7F84190941C",
        "type": "BUY",
        "value": 9206.121666,
        "wallet": "terra1q7a9kg5xusufjfjp3v8ghsc7urfrlj8m99hlwh"
      },
      {
        "amount": 5803.526097,
        "baseAmount": 7583.496216,
        "baseSymbol": "CWLUNC",
        "executionType": "direct",
        "pairId": "amplunc-cwlunc",
        "price": 1.306704939247213,
        "sourceContract": "terra12gkp648mkgj6esr5y6dwc2q4mftnfzk2pudka8",
        "sourcePairId": "amplunc-cwlunc-ref-1",
        "sourceType": "reference",
        "timestamp": "2026-05-13T11:33:35Z",
        "tokenAmount": 5803.526097,
        "tokenSymbol": "AMPLUNC",
        "txhash": "368F755B288A73E705C9CBE86D948876B911830BAFB84888922C09ABD313D168",
        "type": "BUY",
        "value": 7583.496216,
        "wallet": "terra1g3zc8lwwmkrm0cz9wkgl849pdqaw6cq8lh7872"
      },
      {
        "amount": 7894.019324,
        "baseAmount": 10240.189802,
        "baseSymbol": "CWLUNC",
        "executionType": "direct",
        "pairId": "amplunc-cwlunc",
        "price": 1.2972086058703953,
        "sourceContract": "terra1r8k9pea8wmt93l703azhs82kpjva0cpq8tq5at",
        "sourcePairId": "amplunc-cwlunc-ref-3",
        "sourceType": "reference",
        "timestamp": "2026-05-12T19:05:12Z",
        "tokenAmount": 7894.019324,
        "tokenSymbol": "AMPLUNC",
        "txhash": "7DBEE887D2E65BB3620F4E31BDD18CA6957B8F1E2521EEDDBAE77E088F7E4BF0",
        "type": "BUY",
        "value": 10240.189802,
        "wallet": "terra1q7a9kg5xusufjfjp3v8ghsc7urfrlj8m99hlwh"
      },
      {
        "amount": 5902.63773,
        "baseAmount": 7666.979253,
        "baseSymbol": "CWLUNC",
        "executionType": "direct",
        "pairId": "amplunc-cwlunc",
        "price": 1.298907302752595,
        "sourceContract": "terra12gkp648mkgj6esr5y6dwc2q4mftnfzk2pudka8",
        "sourcePairId": "amplunc-cwlunc-ref-1",
        "sourceType": "reference",
        "timestamp": "2026-05-12T15:10:48Z",
        "tokenAmount": 5902.63773,
        "tokenSymbol": "AMPLUNC",
        "txhash": "C7CFF977BAD821A03863268512BBCE1BAD4E5936DF2C673EBD593C512D21A004",
        "type": "SELL",
        "value": 7666.979253,
        "wallet": "terra1g3zc8lwwmkrm0cz9wkgl849pdqaw6cq8lh7872"
      },
      {
        "amount": 6373.841985,
        "baseAmount": 8316.794138,
        "baseSymbol": "CWLUNC",
        "executionType": "direct",
        "pairId": "amplunc-cwlunc",
        "price": 1.304832180900073,
        "sourceContract": "terra12gkp648mkgj6esr5y6dwc2q4mftnfzk2pudka8",
        "sourcePairId": "amplunc-cwlunc-ref-1",
        "sourceType": "reference",
        "timestamp": "2026-05-12T08:12:24Z",
        "tokenAmount": 6373.841985,
        "tokenSymbol": "AMPLUNC",
        "txhash": "03A08C1EB10816B32A496F7CC8BFAF734374232124773C2418B02FDE53B7A41E",
        "type": "SELL",
        "value": 8316.794138,
        "wallet": "terra1g3zc8lwwmkrm0cz9wkgl849pdqaw6cq8lh7872"
      },
      {
        "amount": 11479.452228,
        "baseAmount": 15040.527812,
        "baseSymbol": "CWLUNC",
        "executionType": "direct",
        "pairId": "amplunc-cwlunc",
        "price": 1.3102130235198886,
        "sourceContract": "terra12gkp648mkgj6esr5y6dwc2q4mftnfzk2pudka8",
        "sourcePairId": "amplunc-cwlunc-ref-1",
        "sourceType": "reference",
        "timestamp": "2026-05-12T08:10:03Z",
        "tokenAmount": 11479.452228,
        "tokenSymbol": "AMPLUNC",
        "txhash": "F5A988F7BA4A51D61BFC3B0E08DC447EE81B246C8AD59D5D0C5762C9A0129EB1",
        "type": "BUY",
        "value": 15040.527812,
        "wallet": "terra1g3zc8lwwmkrm0cz9wkgl849pdqaw6cq8lh7872"
      },
      {
        "amount": 7686.883787,
        "baseAmount": 10000.0,
        "baseSymbol": "CWLUNC",
        "executionType": "direct",
        "pairId": "amplunc-cwlunc",
        "price": 1.3009172867829646,
        "sourceContract": "terra12gkp648mkgj6esr5y6dwc2q4mftnfzk2pudka8",
        "sourcePairId": "amplunc-cwlunc-ref-1",
        "sourceType": "reference",
        "timestamp": "2026-05-12T08:09:52Z",
        "tokenAmount": 7686.883787,
        "tokenSymbol": "AMPLUNC",
        "txhash": "E47E72D936C6E19110D35B5474080DE8AC9121468132919495F2C2DB2C05B63A",
        "type": "BUY",
        "value": 10000.0,
        "wallet": "terra1zafpjz7h4x9cd8n5rf9lxz7tru352taxtl8jeu"
      },
      {
        "amount": 5810.308299,
        "baseAmount": 7521.049257,
        "baseSymbol": "CWLUNC",
        "executionType": "direct",
        "pairId": "amplunc-cwlunc",
        "price": 1.2944320455929046,
        "sourceContract": "terra12gkp648mkgj6esr5y6dwc2q4mftnfzk2pudka8",
        "sourcePairId": "amplunc-cwlunc-ref-1",
        "sourceType": "reference",
        "timestamp": "2026-05-12T08:08:48Z",
        "tokenAmount": 5810.308299,
        "tokenSymbol": "AMPLUNC",
        "txhash": "7EC3F5FE7D1A6FDF019CCAF1308AFE555847E388B9FE001BA1431D6D44D5BB16",
        "type": "BUY",
        "value": 7521.049257,
        "wallet": "terra1g3zc8lwwmkrm0cz9wkgl849pdqaw6cq8lh7872"
      },
      {
        "amount": 3876.54892,
        "baseAmount": 5000.0,
        "baseSymbol": "CWLUNC",
        "executionType": "direct",
        "pairId": "amplunc-cwlunc",
        "price": 1.289807017319931,
        "sourceContract": "terra12gkp648mkgj6esr5y6dwc2q4mftnfzk2pudka8",
        "sourcePairId": "amplunc-cwlunc-ref-1",
        "sourceType": "reference",
        "timestamp": "2026-05-12T08:07:08Z",
        "tokenAmount": 3876.54892,
        "tokenSymbol": "AMPLUNC",
        "txhash": "9195C8E8A6F6541ABDD051B2AB74FDAD5670D335B707EB96A31153F378401CF6",
        "type": "BUY",
        "value": 5000.0,
        "wallet": "terra1zafpjz7h4x9cd8n5rf9lxz7tru352taxtl8jeu"
      },
      {
        "amount": 11246.94888,
        "baseAmount": 14425.888938,
        "baseSymbol": "CWLUNC",
        "executionType": "direct",
        "pairId": "amplunc-cwlunc",
        "price": 1.2826491070527566,
        "sourceContract": "terra12gkp648mkgj6esr5y6dwc2q4mftnfzk2pudka8",
        "sourcePairId": "amplunc-cwlunc-ref-1",
        "sourceType": "reference",
        "timestamp": "2026-05-12T08:06:50Z",
        "tokenAmount": 11246.94888,
        "tokenSymbol": "AMPLUNC",
        "txhash": "B17442BB62A2C0620A8DD772E315F2B1CC9540453FDFFEB7634EE09B79D5AE67",
        "type": "BUY",
        "value": 14425.888938,
        "wallet": "terra1ydeh9exz82qrzw82ycjr6n462u5ldt8m8qt4rh"
      },
      {
        "amount": 22358.026411,
        "baseAmount": 28621.724004,
        "baseSymbol": "CWLUNC",
        "executionType": "direct",
        "pairId": "amplunc-cwlunc",
        "price": 1.2801543158531339,
        "sourceContract": "terra12gkp648mkgj6esr5y6dwc2q4mftnfzk2pudka8",
        "sourcePairId": "amplunc-cwlunc-ref-1",
        "sourceType": "reference",
        "timestamp": "2026-05-12T08:06:38Z",
        "tokenAmount": 22358.026411,
        "tokenSymbol": "AMPLUNC",
        "txhash": "5F743F6A2D74B5D7B4DCD72F7C351D79EFD4F430970DE40ED0D5A5C27427780B",
        "type": "SELL",
        "value": 28621.724004,
        "wallet": "terra1g3zc8lwwmkrm0cz9wkgl849pdqaw6cq8lh7872"
      },
      {
        "amount": 832.148643,
        "baseAmount": 1074.413563,
        "baseSymbol": "CWLUNC",
        "executionType": "direct",
        "pairId": "amplunc-cwlunc",
        "price": 1.291131785214003,
        "sourceContract": "terra12gkp648mkgj6esr5y6dwc2q4mftnfzk2pudka8",
        "sourcePairId": "amplunc-cwlunc-ref-1",
        "sourceType": "reference",
        "timestamp": "2026-05-12T08:03:19Z",
        "tokenAmount": 832.148643,
        "tokenSymbol": "AMPLUNC",
        "txhash": "0629751AFEBEC07C247F5F6754DDDBDFB896F31B6503F50F1D5A18A79F557FAA",
        "type": "SELL",
        "value": 1074.413563,
        "wallet": "terra1g3zc8lwwmkrm0cz9wkgl849pdqaw6cq8lh7872"
      },
      {
        "amount": 251.531702,
        "baseAmount": 324.890647,
        "baseSymbol": "CWLUNC",
        "executionType": "direct",
        "pairId": "amplunc-cwlunc",
        "price": 1.2916489031668859,
        "sourceContract": "terra12gkp648mkgj6esr5y6dwc2q4mftnfzk2pudka8",
        "sourcePairId": "amplunc-cwlunc-ref-1",
        "sourceType": "reference",
        "timestamp": "2026-05-11T15:07:38Z",
        "tokenAmount": 251.531702,
        "tokenSymbol": "AMPLUNC",
        "txhash": "7D0EF831DC8C76F05DC27D4D55D7248F63EA7217B3219DC576445105DD4560F2",
        "type": "SELL",
        "value": 324.890647,
        "wallet": "terra1g3zc8lwwmkrm0cz9wkgl849pdqaw6cq8lh7872"
      },
      {
        "amount": 127.353065,
        "baseAmount": 164.518475,
        "baseSymbol": "CWLUNC",
        "executionType": "direct",
        "pairId": "amplunc-cwlunc",
        "price": 1.2918297254958095,
        "sourceContract": "terra12gkp648mkgj6esr5y6dwc2q4mftnfzk2pudka8",
        "sourcePairId": "amplunc-cwlunc-ref-1",
        "sourceType": "reference",
        "timestamp": "2026-05-11T14:45:01Z",
        "tokenAmount": 127.353065,
        "tokenSymbol": "AMPLUNC",
        "txhash": "F6FC0BFA2E3BC018E002D680C670D71E89115C5EF6BBBD9C45523DBB0197E166",
        "type": "SELL",
        "value": 164.518475,
        "wallet": "terra1g3zc8lwwmkrm0cz9wkgl849pdqaw6cq8lh7872"
      },
      {
        "amount": 183.248806,
        "baseAmount": 236.753404,
        "baseSymbol": "CWLUNC",
        "executionType": "direct",
        "pairId": "amplunc-cwlunc",
        "price": 1.2919778806089464,
        "sourceContract": "terra12gkp648mkgj6esr5y6dwc2q4mftnfzk2pudka8",
        "sourcePairId": "amplunc-cwlunc-ref-1",
        "sourceType": "reference",
        "timestamp": "2026-05-11T14:43:51Z",
        "tokenAmount": 183.248806,
        "tokenSymbol": "AMPLUNC",
        "txhash": "EEA3CC7B8DEBE578A40A44795CFE52291E5DA299924BCBDD629E6AFD2EABB0E9",
        "type": "SELL",
        "value": 236.753404,
        "wallet": "terra1g3zc8lwwmkrm0cz9wkgl849pdqaw6cq8lh7872"
      },
      {
        "amount": 409.068061,
        "baseAmount": 528.622457,
        "baseSymbol": "CWLUNC",
        "executionType": "direct",
        "pairId": "amplunc-cwlunc",
        "price": 1.2922604021143564,
        "sourceContract": "terra12gkp648mkgj6esr5y6dwc2q4mftnfzk2pudka8",
        "sourcePairId": "amplunc-cwlunc-ref-1",
        "sourceType": "reference",
        "timestamp": "2026-05-11T14:38:52Z",
        "tokenAmount": 409.068061,
        "tokenSymbol": "AMPLUNC",
        "txhash": "281DB6AB160339AF4C8C867EDD23C57E3C45BE2B1852E382561BB498DB9C5E7A",
        "type": "SELL",
        "value": 528.622457,
        "wallet": "terra1g3zc8lwwmkrm0cz9wkgl849pdqaw6cq8lh7872"
      },
      {
        "amount": 1565.393582,
        "baseAmount": 2016.219399,
        "baseSymbol": "CWLUNC",
        "executionType": "direct",
        "pairId": "amplunc-cwlunc",
        "price": 1.2879951867593642,
        "sourceContract": "terra1r8k9pea8wmt93l703azhs82kpjva0cpq8tq5at",
        "sourcePairId": "amplunc-cwlunc-ref-3",
        "sourceType": "reference",
        "timestamp": "2026-05-11T11:22:21Z",
        "tokenAmount": 1565.393582,
        "tokenSymbol": "AMPLUNC",
        "txhash": "0B76D868279BE5622AD448E427ABC4EB340217B6465FE2F189EF47016B2C6B5A",
        "type": "BUY",
        "value": 2016.219399,
        "wallet": "terra1ydeh9exz82qrzw82ycjr6n462u5ldt8m8qt4rh"
      },
      {
        "amount": 6161.814993,
        "baseAmount": 7982.015311,
        "baseSymbol": "CWLUNC",
        "executionType": "direct",
        "pairId": "amplunc-cwlunc",
        "price": 1.295400027437987,
        "sourceContract": "terra12gkp648mkgj6esr5y6dwc2q4mftnfzk2pudka8",
        "sourcePairId": "amplunc-cwlunc-ref-1",
        "sourceType": "reference",
        "timestamp": "2026-05-11T09:46:12Z",
        "tokenAmount": 6161.814993,
        "tokenSymbol": "AMPLUNC",
        "txhash": "9D02C77B3FFF0EA8C7CB608E225BB7C847B60CACFFDB5D61B5AEFC4B09A764D2",
        "type": "SELL",
        "value": 7982.015311,
        "wallet": "terra1g3zc8lwwmkrm0cz9wkgl849pdqaw6cq8lh7872"
      },
      {
        "amount": 5754.163229,
        "baseAmount": 7500.0,
        "baseSymbol": "CWLUNC",
        "executionType": "direct",
        "pairId": "amplunc-cwlunc",
        "price": 1.3034041096021192,
        "sourceContract": "terra12gkp648mkgj6esr5y6dwc2q4mftnfzk2pudka8",
        "sourcePairId": "amplunc-cwlunc-ref-1",
        "sourceType": "reference",
        "timestamp": "2026-05-11T09:44:44Z",
        "tokenAmount": 5754.163229,
        "tokenSymbol": "AMPLUNC",
        "txhash": "115BABCA816E7CEC6E687D3CF316940E71259581006F3E66AD2143696A84D747",
        "type": "BUY",
        "value": 7500.0,
        "wallet": "terra1g3zc8lwwmkrm0cz9wkgl849pdqaw6cq8lh7872"
      },
      {
        "amount": 7793.549981,
        "baseAmount": 10104.776309,
        "baseSymbol": "CWLUNC",
        "executionType": "direct",
        "pairId": "amplunc-cwlunc",
        "price": 1.2965562976608311,
        "sourceContract": "terra12gkp648mkgj6esr5y6dwc2q4mftnfzk2pudka8",
        "sourcePairId": "amplunc-cwlunc-ref-1",
        "sourceType": "reference",
        "timestamp": "2026-05-10T14:41:58Z",
        "tokenAmount": 7793.549981,
        "tokenSymbol": "AMPLUNC",
        "txhash": "1DB4F2B675ABFC33EFB98AC3069302AA76D0A2C6D0A7369485982A51A0CB10F3",
        "type": "SELL",
        "value": 10104.776309,
        "wallet": "terra1q7a9kg5xusufjfjp3v8ghsc7urfrlj8m99hlwh"
      },
      {
        "amount": 2557.53132,
        "baseAmount": 3328.722648,
        "baseSymbol": "CWLUNC",
        "executionType": "direct",
        "pairId": "amplunc-cwlunc",
        "price": 1.3015373934892809,
        "sourceContract": "terra12gkp648mkgj6esr5y6dwc2q4mftnfzk2pudka8",
        "sourcePairId": "amplunc-cwlunc-ref-1",
        "sourceType": "reference",
        "timestamp": "2026-05-10T09:17:05Z",
        "tokenAmount": 2557.53132,
        "tokenSymbol": "AMPLUNC",
        "txhash": "06ABCBF163069C1F6D4F144CE5569433921EE3CA3E21C982CF3DB80C5E374B12",
        "type": "SELL",
        "value": 3328.722648,
        "wallet": "terra1g3zc8lwwmkrm0cz9wkgl849pdqaw6cq8lh7872"
      },
      {
        "amount": 38020.958345,
        "baseAmount": 50000.0,
        "baseSymbol": "CWLUNC",
        "executionType": "direct",
        "pairId": "amplunc-cwlunc",
        "price": 1.3150641692485199,
        "sourceContract": "terra1fkhc5unv3x8dss2nkthv482um40fsx7hjqmmdnq3qrjdjzup3pesaa75hg",
        "sourcePairId": "amplunc-cwlunc",
        "sourceType": "primary",
        "timestamp": "2026-05-10T08:51:56Z",
        "tokenAmount": 38020.958345,
        "tokenSymbol": "AMPLUNC",
        "txhash": "FAACCD5DA681F17C4950C0B3455AE21A97ED903B4BAABA6D6782210CA2265D63",
        "type": "BUY",
        "value": 50000.0,
        "wallet": "terra1nynrxdccq0r9ghrz0sq7tjkkh8wug0ggg4lkzsags8r9dyhf7ypqx5gsr8"
      },
      {
        "amount": 38317.109736,
        "baseAmount": 50000.0,
        "baseSymbol": "CWLUNC",
        "executionType": "direct",
        "pairId": "amplunc-cwlunc",
        "price": 1.3049000914863784,
        "sourceContract": "terra1fkhc5unv3x8dss2nkthv482um40fsx7hjqmmdnq3qrjdjzup3pesaa75hg",
        "sourcePairId": "amplunc-cwlunc",
        "sourceType": "primary",
        "timestamp": "2026-05-10T08:51:03Z",
        "tokenAmount": 38317.109736,
        "tokenSymbol": "AMPLUNC",
        "txhash": "04C889EB874D85440428EB7C4CEF8187928D1F2A0D5EBBBEF62BA74BC923644A",
        "type": "BUY",
        "value": 50000.0,
        "wallet": "terra1nynrxdccq0r9ghrz0sq7tjkkh8wug0ggg4lkzsags8r9dyhf7ypqx5gsr8"
      },
      {
        "amount": 38798.724832,
        "baseAmount": 50000.0,
        "baseSymbol": "CWLUNC",
        "executionType": "direct",
        "pairId": "amplunc-cwlunc",
        "price": 1.2887021472097848,
        "sourceContract": "terra1fkhc5unv3x8dss2nkthv482um40fsx7hjqmmdnq3qrjdjzup3pesaa75hg",
        "sourcePairId": "amplunc-cwlunc",
        "sourceType": "primary",
        "timestamp": "2026-05-10T08:50:34Z",
        "tokenAmount": 38798.724832,
        "tokenSymbol": "AMPLUNC",
        "txhash": "1E14EA7D581CD6CA7E673541B2610910984FCF9BFEFC4D8CBC477F631658015D",
        "type": "BUY",
        "value": 50000.0,
        "wallet": "terra1nynrxdccq0r9ghrz0sq7tjkkh8wug0ggg4lkzsags8r9dyhf7ypqx5gsr8"
      },
      {
        "amount": 9552.900276,
        "baseAmount": 12125.033597,
        "baseSymbol": "CWLUNC",
        "executionType": "direct",
        "pairId": "amplunc-cwlunc",
        "price": 1.2692515620059426,
        "sourceContract": "terra12gkp648mkgj6esr5y6dwc2q4mftnfzk2pudka8",
        "sourcePairId": "amplunc-cwlunc-ref-1",
        "sourceType": "reference",
        "timestamp": "2026-05-10T04:53:22Z",
        "tokenAmount": 9552.900276,
        "tokenSymbol": "AMPLUNC",
        "txhash": "BF2BB33CC5D064C22A9877C854145A59E95A57729322CE14B0FD68686ABFAE8F",
        "type": "BUY",
        "value": 12125.033597,
        "wallet": "terra1q7a9kg5xusufjfjp3v8ghsc7urfrlj8m99hlwh"
      },
      {
        "amount": 60000.0,
        "baseAmount": 77117.468166,
        "baseSymbol": "CWLUNC",
        "executionType": "direct",
        "pairId": "amplunc-cwlunc",
        "price": 1.2852911361000001,
        "sourceContract": "terra12gkp648mkgj6esr5y6dwc2q4mftnfzk2pudka8",
        "sourcePairId": "amplunc-cwlunc-ref-1",
        "sourceType": "reference",
        "timestamp": "2026-05-09T20:19:49Z",
        "tokenAmount": 60000.0,
        "tokenSymbol": "AMPLUNC",
        "txhash": "545D23E6DA70DC79791F66EC7D97DAAD16AD5F6A0DD3766577038F4F6E825B8A",
        "type": "SELL",
        "value": 77117.468166,
        "wallet": "terra1gqen4nmatzkgemacvzvhcrmdm9dxp955ent90w"
      },
      {
        "amount": 4000.0,
        "baseAmount": 5264.071673,
        "baseSymbol": "CWLUNC",
        "executionType": "direct",
        "pairId": "amplunc-cwlunc",
        "price": 1.31601791825,
        "sourceContract": "terra12gkp648mkgj6esr5y6dwc2q4mftnfzk2pudka8",
        "sourcePairId": "amplunc-cwlunc-ref-1",
        "sourceType": "reference",
        "timestamp": "2026-05-09T20:18:56Z",
        "tokenAmount": 4000.0,
        "tokenSymbol": "AMPLUNC",
        "txhash": "E0E2FEF2E711A2C95FB9824384EEEBBAF3F085B707CCE59850D9A59B1F942137",
        "type": "SELL",
        "value": 5264.071673,
        "wallet": "terra1gqen4nmatzkgemacvzvhcrmdm9dxp955ent90w"
      }
    ],
    "amplunc-cwustc": [],
    "amplunc-lunc": [
      {
        "amount": 50000.0,
        "baseAmount": 38020.958345,
        "baseSymbol": "LUNC",
        "executionType": "routed",
        "pairId": "amplunc-lunc",
        "price": 0.7604191669,
        "sourceContract": "terra1nynrxdccq0r9ghrz0sq7tjkkh8wug0ggg4lkzsags8r9dyhf7ypqx5gsr8",
        "sourcePairId": "amplunc-lunc",
        "sourceType": "routed",
        "timestamp": "2026-05-10T08:51:56Z",
        "tokenAmount": 50000.0,
        "tokenSymbol": "AMPLUNC",
        "txhash": "FAACCD5DA681F17C4950C0B3455AE21A97ED903B4BAABA6D6782210CA2265D63",
        "type": "SWAP",
        "value": 38020.958345,
        "wallet": ""
      },
      {
        "amount": 50000.0,
        "baseAmount": 38317.109736,
        "baseSymbol": "LUNC",
        "executionType": "routed",
        "pairId": "amplunc-lunc",
        "price": 0.76634219472,
        "sourceContract": "terra1nynrxdccq0r9ghrz0sq7tjkkh8wug0ggg4lkzsags8r9dyhf7ypqx5gsr8",
        "sourcePairId": "amplunc-lunc",
        "sourceType": "routed",
        "timestamp": "2026-05-10T08:51:03Z",
        "tokenAmount": 50000.0,
        "tokenSymbol": "AMPLUNC",
        "txhash": "04C889EB874D85440428EB7C4CEF8187928D1F2A0D5EBBBEF62BA74BC923644A",
        "type": "SWAP",
        "value": 38317.109736,
        "wallet": ""
      },
      {
        "amount": 50000.0,
        "baseAmount": 38798.724832,
        "baseSymbol": "LUNC",
        "executionType": "routed",
        "pairId": "amplunc-lunc",
        "price": 0.77597449664,
        "sourceContract": "terra1nynrxdccq0r9ghrz0sq7tjkkh8wug0ggg4lkzsags8r9dyhf7ypqx5gsr8",
        "sourcePairId": "amplunc-lunc",
        "sourceType": "routed",
        "timestamp": "2026-05-10T08:50:34Z",
        "tokenAmount": 50000.0,
        "tokenSymbol": "AMPLUNC",
        "txhash": "1E14EA7D581CD6CA7E673541B2610910984FCF9BFEFC4D8CBC477F631658015D",
        "type": "SWAP",
        "value": 38798.724832,
        "wallet": ""
      },
      {
        "amount": 12345.0,
        "baseAmount": 9578.673131,
        "baseSymbol": "LUNC",
        "executionType": "routed",
        "pairId": "amplunc-lunc",
        "price": 0.775915198946942,
        "sourceContract": "terra1nynrxdccq0r9ghrz0sq7tjkkh8wug0ggg4lkzsags8r9dyhf7ypqx5gsr8",
        "sourcePairId": "amplunc-lunc",
        "sourceType": "routed",
        "timestamp": "2026-05-02T01:06:00Z",
        "tokenAmount": 12345.0,
        "tokenSymbol": "AMPLUNC",
        "txhash": "8076734D8388FE5F314EE91CD4B69CE1C6B53D3A0F52702F75B856414F205B05",
        "type": "SWAP",
        "value": 9578.673131,
        "wallet": ""
      },
      {
        "amount": 26772.690282,
        "baseAmount": 20608.777342,
        "baseSymbol": "LUNC",
        "executionType": "routed",
        "pairId": "amplunc-lunc",
        "price": 0.7697686382998961,
        "sourceContract": "terra1nynrxdccq0r9ghrz0sq7tjkkh8wug0ggg4lkzsags8r9dyhf7ypqx5gsr8",
        "sourcePairId": "amplunc-lunc",
        "sourceType": "routed",
        "timestamp": "2026-05-02T00:06:35Z",
        "tokenAmount": 26772.690282,
        "tokenSymbol": "AMPLUNC",
        "txhash": "EC33BB46AF37719207927BC74BDBFEDFB34FA94CC5E08B5F20BFB8B2D67B5FA6",
        "type": "SWAP",
        "value": 20608.777342,
        "wallet": ""
      }
    ],
    "amplunc-mdot": [],
    "amplunc-ustc": [],
    "astro-amplunc": [],
    "astro-cwlunc": [
      {
        "amount": 174.338665,
        "baseAmount": 1173.229971,
        "baseSymbol": "CWLUNC",
        "executionType": "direct",
        "pairId": "astro-cwlunc",
        "price": 6.729602816449237,
        "sourceContract": "terra1udqrxagr6tu0snr89hcyntj3zm0tjra3pslalsvyq6aczmr7aqtsfyyv48",
        "sourcePairId": "astro-cwlunc",
        "sourceType": "primary",
        "timestamp": "2026-05-21T00:00:29Z",
        "tokenAmount": 174.338665,
        "tokenSymbol": "ASTRO",
        "txhash": "963472CED29F7532DC1C2B9F77C002B6EF338A9351E79B958FDAB3F88D516569",
        "type": "SELL",
        "value": 1173.229971,
        "wallet": "terra1nynrxdccq0r9ghrz0sq7tjkkh8wug0ggg4lkzsags8r9dyhf7ypqx5gsr8"
      },
      {
        "amount": 1691.813481,
        "baseAmount": 11182.692418,
        "baseSymbol": "CWLUNC",
        "executionType": "direct",
        "pairId": "astro-cwlunc",
        "price": 6.609884921469071,
        "sourceContract": "terra1udqrxagr6tu0snr89hcyntj3zm0tjra3pslalsvyq6aczmr7aqtsfyyv48",
        "sourcePairId": "astro-cwlunc",
        "sourceType": "primary",
        "timestamp": "2026-05-21T00:00:23Z",
        "tokenAmount": 1691.813481,
        "tokenSymbol": "ASTRO",
        "txhash": "855883D87F2ECBC58918A1B5EF48C9EE4B3537E5C2E9D80061A5D41BC6C7A1D1",
        "type": "SELL",
        "value": 11182.692418,
        "wallet": "terra1t4h9v356nm4292qk97a9cjwgda36e2jv4d08lh"
      },
      {
        "amount": 1691.813481,
        "baseAmount": 10822.896579,
        "baseSymbol": "CWLUNC",
        "executionType": "direct",
        "pairId": "astro-cwlunc",
        "price": 6.397216182839958,
        "sourceContract": "terra1udqrxagr6tu0snr89hcyntj3zm0tjra3pslalsvyq6aczmr7aqtsfyyv48",
        "sourcePairId": "astro-cwlunc",
        "sourceType": "primary",
        "timestamp": "2026-05-21T00:00:06Z",
        "tokenAmount": 1691.813481,
        "tokenSymbol": "ASTRO",
        "txhash": "8F61A0C9687A5085543B727905CD94FE46AEC37575FC2DEEDCD06206E85AE882",
        "type": "BUY",
        "value": 10822.896579,
        "wallet": "terra1t4h9v356nm4292qk97a9cjwgda36e2jv4d08lh"
      },
      {
        "amount": 174.338665,
        "baseAmount": 500.0,
        "baseSymbol": "CWLUNC",
        "executionType": "direct",
        "pairId": "astro-cwlunc",
        "price": 2.8679811216863453,
        "sourceContract": "terra1udqrxagr6tu0snr89hcyntj3zm0tjra3pslalsvyq6aczmr7aqtsfyyv48",
        "sourcePairId": "astro-cwlunc",
        "sourceType": "primary",
        "timestamp": "2026-05-21T00:00:00Z",
        "tokenAmount": 174.338665,
        "tokenSymbol": "ASTRO",
        "txhash": "024F02AB9CF383DA99C6DAF4E93BDFDFDEE94393FF2AA9798EA523A24B4C1A66",
        "type": "BUY",
        "value": 500.0,
        "wallet": "terra1nynrxdccq0r9ghrz0sq7tjkkh8wug0ggg4lkzsags8r9dyhf7ypqx5gsr8"
      },
      {
        "amount": 1636.751275,
        "baseAmount": 10822.896579,
        "baseSymbol": "CWLUNC",
        "executionType": "direct",
        "pairId": "astro-cwlunc",
        "price": 6.612425934416944,
        "sourceContract": "terra1udqrxagr6tu0snr89hcyntj3zm0tjra3pslalsvyq6aczmr7aqtsfyyv48",
        "sourcePairId": "astro-cwlunc",
        "sourceType": "primary",
        "timestamp": "2026-05-20T23:59:48Z",
        "tokenAmount": 1636.751275,
        "tokenSymbol": "ASTRO",
        "txhash": "BF7A6992669F35DD319835999D97F515B463C78D04315F5DE71E4D7BB9F4BE11",
        "type": "SELL",
        "value": 10822.896579,
        "wallet": "terra1t4h9v356nm4292qk97a9cjwgda36e2jv4d08lh"
      },
      {
        "amount": 174.338665,
        "baseAmount": 1173.229971,
        "baseSymbol": "CWLUNC",
        "executionType": "direct",
        "pairId": "astro-cwlunc",
        "price": 6.729602816449237,
        "sourceContract": "terra1udqrxagr6tu0snr89hcyntj3zm0tjra3pslalsvyq6aczmr7aqtsfyyv48",
        "sourcePairId": "astro-cwlunc",
        "sourceType": "primary",
        "timestamp": "2026-05-20T23:59:31Z",
        "tokenAmount": 174.338665,
        "tokenSymbol": "ASTRO",
        "txhash": "0CB71C61FA3658C4BD79E350CBF7A646F5D2C5C993F1F7E2A6904788BC677C7B",
        "type": "SELL",
        "value": 1173.229971,
        "wallet": "terra1nynrxdccq0r9ghrz0sq7tjkkh8wug0ggg4lkzsags8r9dyhf7ypqx5gsr8"
      },
      {
        "amount": 1636.751275,
        "baseAmount": 10444.403032,
        "baseSymbol": "CWLUNC",
        "executionType": "direct",
        "pairId": "astro-cwlunc",
        "price": 6.381179102487639,
        "sourceContract": "terra1udqrxagr6tu0snr89hcyntj3zm0tjra3pslalsvyq6aczmr7aqtsfyyv48",
        "sourcePairId": "astro-cwlunc",
        "sourceType": "primary",
        "timestamp": "2026-05-20T23:59:31Z",
        "tokenAmount": 1636.751275,
        "tokenSymbol": "ASTRO",
        "txhash": "85AAD7F0DACB8175365EEB251A31C6D6DA86B090B4C2E3DA5276608A24EB77C1",
        "type": "BUY",
        "value": 10444.403032,
        "wallet": "terra1t4h9v356nm4292qk97a9cjwgda36e2jv4d08lh"
      },
      {
        "amount": 174.338665,
        "baseAmount": 500.0,
        "baseSymbol": "CWLUNC",
        "executionType": "direct",
        "pairId": "astro-cwlunc",
        "price": 2.8679811216863453,
        "sourceContract": "terra1udqrxagr6tu0snr89hcyntj3zm0tjra3pslalsvyq6aczmr7aqtsfyyv48",
        "sourcePairId": "astro-cwlunc",
        "sourceType": "primary",
        "timestamp": "2026-05-20T23:59:07Z",
        "tokenAmount": 174.338665,
        "tokenSymbol": "ASTRO",
        "txhash": "EFE0C4F02C51CCF2E4F1269A897230DD8515C0B36467322A244D7471EBA7B841",
        "type": "BUY",
        "value": 500.0,
        "wallet": "terra1nynrxdccq0r9ghrz0sq7tjkkh8wug0ggg4lkzsags8r9dyhf7ypqx5gsr8"
      },
      {
        "amount": 1578.873277,
        "baseAmount": 10444.403032,
        "baseSymbol": "CWLUNC",
        "executionType": "direct",
        "pairId": "astro-cwlunc",
        "price": 6.6150989975872525,
        "sourceContract": "terra1udqrxagr6tu0snr89hcyntj3zm0tjra3pslalsvyq6aczmr7aqtsfyyv48",
        "sourcePairId": "astro-cwlunc",
        "sourceType": "primary",
        "timestamp": "2026-05-20T23:59:01Z",
        "tokenAmount": 1578.873277,
        "tokenSymbol": "ASTRO",
        "txhash": "F7CC8C33C242582557FDC4C15A502398E9879BA9B4513C11C074CF1E1F0CA316",
        "type": "SELL",
        "value": 10444.403032,
        "wallet": "terra1t4h9v356nm4292qk97a9cjwgda36e2jv4d08lh"
      },
      {
        "amount": 1578.873277,
        "baseAmount": 10046.875587,
        "baseSymbol": "CWLUNC",
        "executionType": "direct",
        "pairId": "astro-cwlunc",
        "price": 6.36331980112423,
        "sourceContract": "terra1udqrxagr6tu0snr89hcyntj3zm0tjra3pslalsvyq6aczmr7aqtsfyyv48",
        "sourcePairId": "astro-cwlunc",
        "sourceType": "primary",
        "timestamp": "2026-05-20T23:58:49Z",
        "tokenAmount": 1578.873277,
        "tokenSymbol": "ASTRO",
        "txhash": "CF9E4248E4FF36804BF4B4275B74EC42C577EDEC03BC3CD5A75F4FC79223CF30",
        "type": "BUY",
        "value": 10046.875587,
        "wallet": "terra1t4h9v356nm4292qk97a9cjwgda36e2jv4d08lh"
      },
      {
        "amount": 248.599081,
        "baseAmount": 1667.971046,
        "baseSymbol": "CWLUNC",
        "executionType": "direct",
        "pairId": "astro-cwlunc",
        "price": 6.709481946958604,
        "sourceContract": "terra1udqrxagr6tu0snr89hcyntj3zm0tjra3pslalsvyq6aczmr7aqtsfyyv48",
        "sourcePairId": "astro-cwlunc",
        "sourceType": "primary",
        "timestamp": "2026-05-20T23:58:49Z",
        "tokenAmount": 248.599081,
        "tokenSymbol": "ASTRO",
        "txhash": "4C14B08453D29229EBA8AF4AC813B15514E5972D23186DA9EC675D52B5E5D1EC",
        "type": "SELL",
        "value": 1667.971046,
        "wallet": "terra1nynrxdccq0r9ghrz0sq7tjkkh8wug0ggg4lkzsags8r9dyhf7ypqx5gsr8"
      },
      {
        "amount": 1518.135019,
        "baseAmount": 10046.875587,
        "baseSymbol": "CWLUNC",
        "executionType": "direct",
        "pairId": "astro-cwlunc",
        "price": 6.617906484772288,
        "sourceContract": "terra1udqrxagr6tu0snr89hcyntj3zm0tjra3pslalsvyq6aczmr7aqtsfyyv48",
        "sourcePairId": "astro-cwlunc",
        "sourceType": "primary",
        "timestamp": "2026-05-20T23:58:26Z",
        "tokenAmount": 1518.135019,
        "tokenSymbol": "ASTRO",
        "txhash": "198FFDF0B7B9E1B42993FDC0F52C5DBD716E17FECAE33CDB81D910F83A3CD955",
        "type": "SELL",
        "value": 10046.875587,
        "wallet": "terra1t4h9v356nm4292qk97a9cjwgda36e2jv4d08lh"
      },
      {
        "amount": 248.599081,
        "baseAmount": 1000.0,
        "baseSymbol": "CWLUNC",
        "executionType": "direct",
        "pairId": "astro-cwlunc",
        "price": 4.022541016553476,
        "sourceContract": "terra1udqrxagr6tu0snr89hcyntj3zm0tjra3pslalsvyq6aczmr7aqtsfyyv48",
        "sourcePairId": "astro-cwlunc",
        "sourceType": "primary",
        "timestamp": "2026-05-20T23:58:21Z",
        "tokenAmount": 248.599081,
        "tokenSymbol": "ASTRO",
        "txhash": "1E2DE345140D982D4965706C272B11F5F85B5AA1904780DD1FD7F95C5083BEE0",
        "type": "BUY",
        "value": 1000.0,
        "wallet": "terra1nynrxdccq0r9ghrz0sq7tjkkh8wug0ggg4lkzsags8r9dyhf7ypqx5gsr8"
      },
      {
        "amount": 1518.135019,
        "baseAmount": 9630.056904,
        "baseSymbol": "CWLUNC",
        "executionType": "direct",
        "pairId": "astro-cwlunc",
        "price": 6.343346792924483,
        "sourceContract": "terra1udqrxagr6tu0snr89hcyntj3zm0tjra3pslalsvyq6aczmr7aqtsfyyv48",
        "sourcePairId": "astro-cwlunc",
        "sourceType": "primary",
        "timestamp": "2026-05-20T23:58:09Z",
        "tokenAmount": 1518.135019,
        "tokenSymbol": "ASTRO",
        "txhash": "00ABDB74CA0192D4502E36E0E5E333121952B85FEACAC9A071BCC83298A2A72C",
        "type": "BUY",
        "value": 9630.056904,
        "wallet": "terra1t4h9v356nm4292qk97a9cjwgda36e2jv4d08lh"
      },
      {
        "amount": 248.599081,
        "baseAmount": 1667.971046,
        "baseSymbol": "CWLUNC",
        "executionType": "direct",
        "pairId": "astro-cwlunc",
        "price": 6.709481946958604,
        "sourceContract": "terra1udqrxagr6tu0snr89hcyntj3zm0tjra3pslalsvyq6aczmr7aqtsfyyv48",
        "sourcePairId": "astro-cwlunc",
        "sourceType": "primary",
        "timestamp": "2026-05-20T23:57:57Z",
        "tokenAmount": 248.599081,
        "tokenSymbol": "ASTRO",
        "txhash": "A6CA15C019BDBDC6D4BA2A012F992622FF7465EAD8379CC3D591A6D13AA51A15",
        "type": "SELL",
        "value": 1667.971046,
        "wallet": "terra1nynrxdccq0r9ghrz0sq7tjkkh8wug0ggg4lkzsags8r9dyhf7ypqx5gsr8"
      },
      {
        "amount": 1454.496244,
        "baseAmount": 9630.056904,
        "baseSymbol": "CWLUNC",
        "executionType": "direct",
        "pairId": "astro-cwlunc",
        "price": 6.620888121042133,
        "sourceContract": "terra1udqrxagr6tu0snr89hcyntj3zm0tjra3pslalsvyq6aczmr7aqtsfyyv48",
        "sourcePairId": "astro-cwlunc",
        "sourceType": "primary",
        "timestamp": "2026-05-20T23:57:51Z",
        "tokenAmount": 1454.496244,
        "tokenSymbol": "ASTRO",
        "txhash": "1A32796DC9768A6D20E8851F67FEC30697891BF84582C10FCB7D2651EDA0468B",
        "type": "SELL",
        "value": 9630.056904,
        "wallet": "terra1t4h9v356nm4292qk97a9cjwgda36e2jv4d08lh"
      },
      {
        "amount": 248.599081,
        "baseAmount": 1000.0,
        "baseSymbol": "CWLUNC",
        "executionType": "direct",
        "pairId": "astro-cwlunc",
        "price": 4.022541016553476,
        "sourceContract": "terra1udqrxagr6tu0snr89hcyntj3zm0tjra3pslalsvyq6aczmr7aqtsfyyv48",
        "sourcePairId": "astro-cwlunc",
        "sourceType": "primary",
        "timestamp": "2026-05-20T23:57:39Z",
        "tokenAmount": 248.599081,
        "tokenSymbol": "ASTRO",
        "txhash": "B5E8C52F07955DF5A44BCE46336D171CF44DF23248772D99A0133A9F677660F5",
        "type": "BUY",
        "value": 1000.0,
        "wallet": "terra1nynrxdccq0r9ghrz0sq7tjkkh8wug0ggg4lkzsags8r9dyhf7ypqx5gsr8"
      },
      {
        "amount": 1454.496244,
        "baseAmount": 9193.721806,
        "baseSymbol": "CWLUNC",
        "executionType": "direct",
        "pairId": "astro-cwlunc",
        "price": 6.3208975918125505,
        "sourceContract": "terra1udqrxagr6tu0snr89hcyntj3zm0tjra3pslalsvyq6aczmr7aqtsfyyv48",
        "sourcePairId": "astro-cwlunc",
        "sourceType": "primary",
        "timestamp": "2026-05-20T23:57:34Z",
        "tokenAmount": 1454.496244,
        "tokenSymbol": "ASTRO",
        "txhash": "0F206CFB58CFE15076FF93A09FBB9E3D10B05F0AF740241FAC4F6B1A395E515F",
        "type": "BUY",
        "value": 9193.721806,
        "wallet": "terra1t4h9v356nm4292qk97a9cjwgda36e2jv4d08lh"
      },
      {
        "amount": 1387.880351,
        "baseAmount": 9193.721806,
        "baseSymbol": "CWLUNC",
        "executionType": "direct",
        "pairId": "astro-cwlunc",
        "price": 6.624289910420383,
        "sourceContract": "terra1udqrxagr6tu0snr89hcyntj3zm0tjra3pslalsvyq6aczmr7aqtsfyyv48",
        "sourcePairId": "astro-cwlunc",
        "sourceType": "primary",
        "timestamp": "2026-05-20T23:57:16Z",
        "tokenAmount": 1387.880351,
        "tokenSymbol": "ASTRO",
        "txhash": "1F842B9C6F0B82E2FF29CF1AC770F5967C2353E1BC5C3B484071043A52102855",
        "type": "SELL",
        "value": 9193.721806,
        "wallet": "terra1t4h9v356nm4292qk97a9cjwgda36e2jv4d08lh"
      },
      {
        "amount": 248.599081,
        "baseAmount": 1667.971046,
        "baseSymbol": "CWLUNC",
        "executionType": "direct",
        "pairId": "astro-cwlunc",
        "price": 6.709481946958604,
        "sourceContract": "terra1udqrxagr6tu0snr89hcyntj3zm0tjra3pslalsvyq6aczmr7aqtsfyyv48",
        "sourcePairId": "astro-cwlunc",
        "sourceType": "primary",
        "timestamp": "2026-05-20T23:57:10Z",
        "tokenAmount": 248.599081,
        "tokenSymbol": "ASTRO",
        "txhash": "233E47A97529197EF8F5A7BFB4F34E631BE26EC9E210548C82C565E5F995B15C",
        "type": "SELL",
        "value": 1667.971046,
        "wallet": "terra1nynrxdccq0r9ghrz0sq7tjkkh8wug0ggg4lkzsags8r9dyhf7ypqx5gsr8"
      },
      {
        "amount": 1387.880351,
        "baseAmount": 8737.399601,
        "baseSymbol": "CWLUNC",
        "executionType": "direct",
        "pairId": "astro-cwlunc",
        "price": 6.295499172320222,
        "sourceContract": "terra1udqrxagr6tu0snr89hcyntj3zm0tjra3pslalsvyq6aczmr7aqtsfyyv48",
        "sourcePairId": "astro-cwlunc",
        "sourceType": "primary",
        "timestamp": "2026-05-20T23:56:58Z",
        "tokenAmount": 1387.880351,
        "tokenSymbol": "ASTRO",
        "txhash": "E3D11E58D2C8D878D13A83A84DA128B62AF8C8F4B7C529B053A3858BB8766DFA",
        "type": "BUY",
        "value": 8737.399601,
        "wallet": "terra1t4h9v356nm4292qk97a9cjwgda36e2jv4d08lh"
      },
      {
        "amount": 248.599081,
        "baseAmount": 1000.0,
        "baseSymbol": "CWLUNC",
        "executionType": "direct",
        "pairId": "astro-cwlunc",
        "price": 4.022541016553476,
        "sourceContract": "terra1udqrxagr6tu0snr89hcyntj3zm0tjra3pslalsvyq6aczmr7aqtsfyyv48",
        "sourcePairId": "astro-cwlunc",
        "sourceType": "primary",
        "timestamp": "2026-05-20T23:56:52Z",
        "tokenAmount": 248.599081,
        "tokenSymbol": "ASTRO",
        "txhash": "2E73AC685ADD186997C6CC31227ED2689D374F1EF55FA060135CE6D109D71D2D",
        "type": "BUY",
        "value": 1000.0,
        "wallet": "terra1nynrxdccq0r9ghrz0sq7tjkkh8wug0ggg4lkzsags8r9dyhf7ypqx5gsr8"
      },
      {
        "amount": 1318.279338,
        "baseAmount": 8737.399601,
        "baseSymbol": "CWLUNC",
        "executionType": "direct",
        "pairId": "astro-cwlunc",
        "price": 6.627881776752841,
        "sourceContract": "terra1udqrxagr6tu0snr89hcyntj3zm0tjra3pslalsvyq6aczmr7aqtsfyyv48",
        "sourcePairId": "astro-cwlunc",
        "sourceType": "primary",
        "timestamp": "2026-05-20T23:56:41Z",
        "tokenAmount": 1318.279338,
        "tokenSymbol": "ASTRO",
        "txhash": "662704B0F9B776979CD61339AA42A9223EFF6FE28A02005580F23B81A57465E0",
        "type": "SELL",
        "value": 8737.399601,
        "wallet": "terra1t4h9v356nm4292qk97a9cjwgda36e2jv4d08lh"
      },
      {
        "amount": 248.599081,
        "baseAmount": 1667.971046,
        "baseSymbol": "CWLUNC",
        "executionType": "direct",
        "pairId": "astro-cwlunc",
        "price": 6.709481946958604,
        "sourceContract": "terra1udqrxagr6tu0snr89hcyntj3zm0tjra3pslalsvyq6aczmr7aqtsfyyv48",
        "sourcePairId": "astro-cwlunc",
        "sourceType": "primary",
        "timestamp": "2026-05-20T23:56:29Z",
        "tokenAmount": 248.599081,
        "tokenSymbol": "ASTRO",
        "txhash": "A85AF7FEE7B81F2B493B9ED327B6E9DDBD925331A9D9E84FB04714274BB9D5E9",
        "type": "SELL",
        "value": 1667.971046,
        "wallet": "terra1nynrxdccq0r9ghrz0sq7tjkkh8wug0ggg4lkzsags8r9dyhf7ypqx5gsr8"
      },
      {
        "amount": 1318.279338,
        "baseAmount": 8261.093228,
        "baseSymbol": "CWLUNC",
        "executionType": "direct",
        "pairId": "astro-cwlunc",
        "price": 6.266572637429897,
        "sourceContract": "terra1udqrxagr6tu0snr89hcyntj3zm0tjra3pslalsvyq6aczmr7aqtsfyyv48",
        "sourcePairId": "astro-cwlunc",
        "sourceType": "primary",
        "timestamp": "2026-05-20T23:56:23Z",
        "tokenAmount": 1318.279338,
        "tokenSymbol": "ASTRO",
        "txhash": "83D8F06F0209D7C625A10D170CD04C36A46EA7D79D1BA45D4BB911BF87C407E2",
        "type": "BUY",
        "value": 8261.093228,
        "wallet": "terra1t4h9v356nm4292qk97a9cjwgda36e2jv4d08lh"
      },
      {
        "amount": 248.599081,
        "baseAmount": 1000.0,
        "baseSymbol": "CWLUNC",
        "executionType": "direct",
        "pairId": "astro-cwlunc",
        "price": 4.022541016553476,
        "sourceContract": "terra1udqrxagr6tu0snr89hcyntj3zm0tjra3pslalsvyq6aczmr7aqtsfyyv48",
        "sourcePairId": "astro-cwlunc",
        "sourceType": "primary",
        "timestamp": "2026-05-20T23:56:11Z",
        "tokenAmount": 248.599081,
        "tokenSymbol": "ASTRO",
        "txhash": "79F249750061F6D0B1206EA6B7BBD59C4710EA50C4A4DF218F3CF5D59D6435CC",
        "type": "BUY",
        "value": 1000.0,
        "wallet": "terra1nynrxdccq0r9ghrz0sq7tjkkh8wug0ggg4lkzsags8r9dyhf7ypqx5gsr8"
      },
      {
        "amount": 1245.702459,
        "baseAmount": 8261.093228,
        "baseSymbol": "CWLUNC",
        "executionType": "direct",
        "pairId": "astro-cwlunc",
        "price": 6.6316744968390555,
        "sourceContract": "terra1udqrxagr6tu0snr89hcyntj3zm0tjra3pslalsvyq6aczmr7aqtsfyyv48",
        "sourcePairId": "astro-cwlunc",
        "sourceType": "primary",
        "timestamp": "2026-05-20T23:56:05Z",
        "tokenAmount": 1245.702459,
        "tokenSymbol": "ASTRO",
        "txhash": "93B497A2E7AE76B1810EAC4BDC27526273843D01F1BB40B441B529DE45761765",
        "type": "SELL",
        "value": 8261.093228,
        "wallet": "terra1t4h9v356nm4292qk97a9cjwgda36e2jv4d08lh"
      },
      {
        "amount": 839.880152,
        "baseAmount": 5588.823787,
        "baseSymbol": "CWLUNC",
        "executionType": "direct",
        "pairId": "astro-cwlunc",
        "price": 6.654311062943181,
        "sourceContract": "terra1udqrxagr6tu0snr89hcyntj3zm0tjra3pslalsvyq6aczmr7aqtsfyyv48",
        "sourcePairId": "astro-cwlunc",
        "sourceType": "primary",
        "timestamp": "2026-05-20T23:56:00Z",
        "tokenAmount": 839.880152,
        "tokenSymbol": "ASTRO",
        "txhash": "7F0A88F97B621396D1D48ED9BB0048A9D013CDC66C7288DEB4426AE4B1597742",
        "type": "SELL",
        "value": 5588.823787,
        "wallet": "terra1nynrxdccq0r9ghrz0sq7tjkkh8wug0ggg4lkzsags8r9dyhf7ypqx5gsr8"
      },
      {
        "amount": 1245.702459,
        "baseAmount": 7764.926167,
        "baseSymbol": "CWLUNC",
        "executionType": "direct",
        "pairId": "astro-cwlunc",
        "price": 6.233371469165575,
        "sourceContract": "terra1udqrxagr6tu0snr89hcyntj3zm0tjra3pslalsvyq6aczmr7aqtsfyyv48",
        "sourcePairId": "astro-cwlunc",
        "sourceType": "primary",
        "timestamp": "2026-05-20T23:55:53Z",
        "tokenAmount": 1245.702459,
        "tokenSymbol": "ASTRO",
        "txhash": "D99827C1D50A994D1121DEFDDCF275C2356BEF98DD7492313C7B01D19E00C4CB",
        "type": "BUY",
        "value": 7764.926167,
        "wallet": "terra1t4h9v356nm4292qk97a9cjwgda36e2jv4d08lh"
      },
      {
        "amount": 1170.177668,
        "baseAmount": 7764.926167,
        "baseSymbol": "CWLUNC",
        "executionType": "direct",
        "pairId": "astro-cwlunc",
        "price": 6.635681383555509,
        "sourceContract": "terra1udqrxagr6tu0snr89hcyntj3zm0tjra3pslalsvyq6aczmr7aqtsfyyv48",
        "sourcePairId": "astro-cwlunc",
        "sourceType": "primary",
        "timestamp": "2026-05-20T23:55:36Z",
        "tokenAmount": 1170.177668,
        "tokenSymbol": "ASTRO",
        "txhash": "5CA40B0C020F5C7BBEFF006ED3ADF7AA4F9F98E647B0C663EAE2EE1094E57549",
        "type": "SELL",
        "value": 7764.926167,
        "wallet": "terra1t4h9v356nm4292qk97a9cjwgda36e2jv4d08lh"
      },
      {
        "amount": 839.880152,
        "baseAmount": 5000.0,
        "baseSymbol": "CWLUNC",
        "executionType": "direct",
        "pairId": "astro-cwlunc",
        "price": 5.953230336606407,
        "sourceContract": "terra1udqrxagr6tu0snr89hcyntj3zm0tjra3pslalsvyq6aczmr7aqtsfyyv48",
        "sourcePairId": "astro-cwlunc",
        "sourceType": "primary",
        "timestamp": "2026-05-20T23:55:36Z",
        "tokenAmount": 839.880152,
        "tokenSymbol": "ASTRO",
        "txhash": "88ECF905E448C09C47E91C4D36851700E3F2E8DAF8AD25C17ADED7A7B3A6A0B5",
        "type": "BUY",
        "value": 5000.0,
        "wallet": "terra1nynrxdccq0r9ghrz0sq7tjkkh8wug0ggg4lkzsags8r9dyhf7ypqx5gsr8"
      },
      {
        "amount": 1170.177668,
        "baseAmount": 7249.151706,
        "baseSymbol": "CWLUNC",
        "executionType": "direct",
        "pairId": "astro-cwlunc",
        "price": 6.194915442532611,
        "sourceContract": "terra1udqrxagr6tu0snr89hcyntj3zm0tjra3pslalsvyq6aczmr7aqtsfyyv48",
        "sourcePairId": "astro-cwlunc",
        "sourceType": "primary",
        "timestamp": "2026-05-20T23:55:23Z",
        "tokenAmount": 1170.177668,
        "tokenSymbol": "ASTRO",
        "txhash": "1A159105AC8190CEAD0080D4665816C18186D09A02F5D7FC5D0FAB5B249955E8",
        "type": "BUY",
        "value": 7249.151706,
        "wallet": "terra1t4h9v356nm4292qk97a9cjwgda36e2jv4d08lh"
      },
      {
        "amount": 248.599081,
        "baseAmount": 1667.971046,
        "baseSymbol": "CWLUNC",
        "executionType": "direct",
        "pairId": "astro-cwlunc",
        "price": 6.709481946958604,
        "sourceContract": "terra1udqrxagr6tu0snr89hcyntj3zm0tjra3pslalsvyq6aczmr7aqtsfyyv48",
        "sourcePairId": "astro-cwlunc",
        "sourceType": "primary",
        "timestamp": "2026-05-20T23:55:06Z",
        "tokenAmount": 248.599081,
        "tokenSymbol": "ASTRO",
        "txhash": "0660C878670123E518B6019164B0725BC928D597DE0189C3F17D06ABEC221DF6",
        "type": "SELL",
        "value": 1667.971046,
        "wallet": "terra1nynrxdccq0r9ghrz0sq7tjkkh8wug0ggg4lkzsags8r9dyhf7ypqx5gsr8"
      },
      {
        "amount": 1091.752923,
        "baseAmount": 7249.151706,
        "baseSymbol": "CWLUNC",
        "executionType": "direct",
        "pairId": "astro-cwlunc",
        "price": 6.639919667977843,
        "sourceContract": "terra1udqrxagr6tu0snr89hcyntj3zm0tjra3pslalsvyq6aczmr7aqtsfyyv48",
        "sourcePairId": "astro-cwlunc",
        "sourceType": "primary",
        "timestamp": "2026-05-20T23:55:06Z",
        "tokenAmount": 1091.752923,
        "tokenSymbol": "ASTRO",
        "txhash": "12CE2E1C226211E16807A573F7C70F01ADD0E4C12F229BCBDA399855809FE6D2",
        "type": "SELL",
        "value": 7249.151706,
        "wallet": "terra1t4h9v356nm4292qk97a9cjwgda36e2jv4d08lh"
      },
      {
        "amount": 1091.752923,
        "baseAmount": 6714.161058,
        "baseSymbol": "CWLUNC",
        "executionType": "direct",
        "pairId": "astro-cwlunc",
        "price": 6.149890617696106,
        "sourceContract": "terra1udqrxagr6tu0snr89hcyntj3zm0tjra3pslalsvyq6aczmr7aqtsfyyv48",
        "sourcePairId": "astro-cwlunc",
        "sourceType": "primary",
        "timestamp": "2026-05-20T23:54:48Z",
        "tokenAmount": 1091.752923,
        "tokenSymbol": "ASTRO",
        "txhash": "D3C5EC3EF0BB59EC35871EF78F259CBEC9672EB870417CA2B6A1F6E725F6CA19",
        "type": "BUY",
        "value": 6714.161058,
        "wallet": "terra1t4h9v356nm4292qk97a9cjwgda36e2jv4d08lh"
      },
      {
        "amount": 248.599081,
        "baseAmount": 1000.0,
        "baseSymbol": "CWLUNC",
        "executionType": "direct",
        "pairId": "astro-cwlunc",
        "price": 4.022541016553476,
        "sourceContract": "terra1udqrxagr6tu0snr89hcyntj3zm0tjra3pslalsvyq6aczmr7aqtsfyyv48",
        "sourcePairId": "astro-cwlunc",
        "sourceType": "primary",
        "timestamp": "2026-05-20T23:54:48Z",
        "tokenAmount": 248.599081,
        "tokenSymbol": "ASTRO",
        "txhash": "18B45F0FF86BA2385F0084BB33A77A9A0F762C27CD826736970382B05852D6B5",
        "type": "BUY",
        "value": 1000.0,
        "wallet": "terra1nynrxdccq0r9ghrz0sq7tjkkh8wug0ggg4lkzsags8r9dyhf7ypqx5gsr8"
      },
      {
        "amount": 1010.497295,
        "baseAmount": 6714.161058,
        "baseSymbol": "CWLUNC",
        "executionType": "direct",
        "pairId": "astro-cwlunc",
        "price": 6.644412697809349,
        "sourceContract": "terra1udqrxagr6tu0snr89hcyntj3zm0tjra3pslalsvyq6aczmr7aqtsfyyv48",
        "sourcePairId": "astro-cwlunc",
        "sourceType": "primary",
        "timestamp": "2026-05-20T23:54:30Z",
        "tokenAmount": 1010.497295,
        "tokenSymbol": "ASTRO",
        "txhash": "FABC45F6268CF623F8CC5D59D024E10864B7892AE8D129048DF9C4D9DACE0BF1",
        "type": "SELL",
        "value": 6714.161058,
        "wallet": "terra1t4h9v356nm4292qk97a9cjwgda36e2jv4d08lh"
      },
      {
        "amount": 1010.497295,
        "baseAmount": 6160.490001,
        "baseSymbol": "CWLUNC",
        "executionType": "direct",
        "pairId": "astro-cwlunc",
        "price": 6.096493312235932,
        "sourceContract": "terra1udqrxagr6tu0snr89hcyntj3zm0tjra3pslalsvyq6aczmr7aqtsfyyv48",
        "sourcePairId": "astro-cwlunc",
        "sourceType": "primary",
        "timestamp": "2026-05-20T23:54:19Z",
        "tokenAmount": 1010.497295,
        "tokenSymbol": "ASTRO",
        "txhash": "332BDB3781FF944C7D5332ED9ECD701A0FA3EE3C9B1B5EBD3FFF28FDDDEB42F0",
        "type": "BUY",
        "value": 6160.490001,
        "wallet": "terra1t4h9v356nm4292qk97a9cjwgda36e2jv4d08lh"
      },
      {
        "amount": 926.501834,
        "baseAmount": 6160.490001,
        "baseSymbol": "CWLUNC",
        "executionType": "direct",
        "pairId": "astro-cwlunc",
        "price": 6.649193530900231,
        "sourceContract": "terra1udqrxagr6tu0snr89hcyntj3zm0tjra3pslalsvyq6aczmr7aqtsfyyv48",
        "sourcePairId": "astro-cwlunc",
        "sourceType": "primary",
        "timestamp": "2026-05-20T23:54:01Z",
        "tokenAmount": 926.501834,
        "tokenSymbol": "ASTRO",
        "txhash": "5781D6F3654095E0008265C45DF5AEC0EC4E9EEF6A64FA1284F137892E9D54C8",
        "type": "SELL",
        "value": 6160.490001,
        "wallet": "terra1t4h9v356nm4292qk97a9cjwgda36e2jv4d08lh"
      },
      {
        "amount": 248.599081,
        "baseAmount": 1667.971046,
        "baseSymbol": "CWLUNC",
        "executionType": "direct",
        "pairId": "astro-cwlunc",
        "price": 6.709481946958604,
        "sourceContract": "terra1udqrxagr6tu0snr89hcyntj3zm0tjra3pslalsvyq6aczmr7aqtsfyyv48",
        "sourcePairId": "astro-cwlunc",
        "sourceType": "primary",
        "timestamp": "2026-05-20T23:53:55Z",
        "tokenAmount": 248.599081,
        "tokenSymbol": "ASTRO",
        "txhash": "33F82F94009D9BF8A06148EE4B03E479F5627AB52D3C355B75BF0842B7C5168F",
        "type": "SELL",
        "value": 1667.971046,
        "wallet": "terra1nynrxdccq0r9ghrz0sq7tjkkh8wug0ggg4lkzsags8r9dyhf7ypqx5gsr8"
      },
      {
        "amount": 926.501834,
        "baseAmount": 5588.823787,
        "baseSymbol": "CWLUNC",
        "executionType": "direct",
        "pairId": "astro-cwlunc",
        "price": 6.032177791673966,
        "sourceContract": "terra1udqrxagr6tu0snr89hcyntj3zm0tjra3pslalsvyq6aczmr7aqtsfyyv48",
        "sourcePairId": "astro-cwlunc",
        "sourceType": "primary",
        "timestamp": "2026-05-20T23:53:49Z",
        "tokenAmount": 926.501834,
        "tokenSymbol": "ASTRO",
        "txhash": "74F6DF5AF4303C5C58AAE5CB775B95DB87E192E6D35F3C13B98ACE03E47A9136",
        "type": "BUY",
        "value": 5588.823787,
        "wallet": "terra1t4h9v356nm4292qk97a9cjwgda36e2jv4d08lh"
      },
      {
        "amount": 248.599081,
        "baseAmount": 1000.0,
        "baseSymbol": "CWLUNC",
        "executionType": "direct",
        "pairId": "astro-cwlunc",
        "price": 4.022541016553476,
        "sourceContract": "terra1udqrxagr6tu0snr89hcyntj3zm0tjra3pslalsvyq6aczmr7aqtsfyyv48",
        "sourcePairId": "astro-cwlunc",
        "sourceType": "primary",
        "timestamp": "2026-05-20T23:53:32Z",
        "tokenAmount": 248.599081,
        "tokenSymbol": "ASTRO",
        "txhash": "4CB3761B395AD9F291281D5239C9D08DB1241E09B70E1F68D880003C25F75570",
        "type": "BUY",
        "value": 1000.0,
        "wallet": "terra1nynrxdccq0r9ghrz0sq7tjkkh8wug0ggg4lkzsags8r9dyhf7ypqx5gsr8"
      },
      {
        "amount": 839.880152,
        "baseAmount": 5588.823787,
        "baseSymbol": "CWLUNC",
        "executionType": "direct",
        "pairId": "astro-cwlunc",
        "price": 6.654311062943181,
        "sourceContract": "terra1udqrxagr6tu0snr89hcyntj3zm0tjra3pslalsvyq6aczmr7aqtsfyyv48",
        "sourcePairId": "astro-cwlunc",
        "sourceType": "primary",
        "timestamp": "2026-05-20T23:53:32Z",
        "tokenAmount": 839.880152,
        "tokenSymbol": "ASTRO",
        "txhash": "79439BC8A3844DE161B632672E3865924F1C1C772DC946920E73F86935F8ABA6",
        "type": "SELL",
        "value": 5588.823787,
        "wallet": "terra1t4h9v356nm4292qk97a9cjwgda36e2jv4d08lh"
      },
      {
        "amount": 839.880152,
        "baseAmount": 5000.0,
        "baseSymbol": "CWLUNC",
        "executionType": "direct",
        "pairId": "astro-cwlunc",
        "price": 5.953230336606407,
        "sourceContract": "terra1udqrxagr6tu0snr89hcyntj3zm0tjra3pslalsvyq6aczmr7aqtsfyyv48",
        "sourcePairId": "astro-cwlunc",
        "sourceType": "primary",
        "timestamp": "2026-05-20T23:53:14Z",
        "tokenAmount": 839.880152,
        "tokenSymbol": "ASTRO",
        "txhash": "1C46B6C65F1BF86C13ECDDD3925DF1C5B0177D88BAC14705767F9E1CCE0FEF33",
        "type": "BUY",
        "value": 5000.0,
        "wallet": "terra1t4h9v356nm4292qk97a9cjwgda36e2jv4d08lh"
      },
      {
        "amount": 248.599081,
        "baseAmount": 1667.971046,
        "baseSymbol": "CWLUNC",
        "executionType": "direct",
        "pairId": "astro-cwlunc",
        "price": 6.709481946958604,
        "sourceContract": "terra1udqrxagr6tu0snr89hcyntj3zm0tjra3pslalsvyq6aczmr7aqtsfyyv48",
        "sourcePairId": "astro-cwlunc",
        "sourceType": "primary",
        "timestamp": "2026-05-20T23:53:14Z",
        "tokenAmount": 248.599081,
        "tokenSymbol": "ASTRO",
        "txhash": "177DEDFE8C4E563032CD1B369CB67A50AFC7E67C2568904E0B0DD1791F7ED49C",
        "type": "SELL",
        "value": 1667.971046,
        "wallet": "terra1nynrxdccq0r9ghrz0sq7tjkkh8wug0ggg4lkzsags8r9dyhf7ypqx5gsr8"
      },
      {
        "amount": 248.599081,
        "baseAmount": 1000.0,
        "baseSymbol": "CWLUNC",
        "executionType": "direct",
        "pairId": "astro-cwlunc",
        "price": 4.022541016553476,
        "sourceContract": "terra1udqrxagr6tu0snr89hcyntj3zm0tjra3pslalsvyq6aczmr7aqtsfyyv48",
        "sourcePairId": "astro-cwlunc",
        "sourceType": "primary",
        "timestamp": "2026-05-20T23:52:45Z",
        "tokenAmount": 248.599081,
        "tokenSymbol": "ASTRO",
        "txhash": "D8931B1A799112C26E9B01E73EF5AAB45288A534D3F38850C779E2A9063D4592",
        "type": "BUY",
        "value": 1000.0,
        "wallet": "terra1nynrxdccq0r9ghrz0sq7tjkkh8wug0ggg4lkzsags8r9dyhf7ypqx5gsr8"
      },
      {
        "amount": 248.599081,
        "baseAmount": 1667.971046,
        "baseSymbol": "CWLUNC",
        "executionType": "direct",
        "pairId": "astro-cwlunc",
        "price": 6.709481946958604,
        "sourceContract": "terra1udqrxagr6tu0snr89hcyntj3zm0tjra3pslalsvyq6aczmr7aqtsfyyv48",
        "sourcePairId": "astro-cwlunc",
        "sourceType": "primary",
        "timestamp": "2026-05-20T23:52:22Z",
        "tokenAmount": 248.599081,
        "tokenSymbol": "ASTRO",
        "txhash": "9B0CBF9C356AD76B29AC40CE418AEA73374626AB89C449ADBD121D68EFB7C0A5",
        "type": "SELL",
        "value": 1667.971046,
        "wallet": "terra1nynrxdccq0r9ghrz0sq7tjkkh8wug0ggg4lkzsags8r9dyhf7ypqx5gsr8"
      },
      {
        "amount": 248.599081,
        "baseAmount": 1000.0,
        "baseSymbol": "CWLUNC",
        "executionType": "direct",
        "pairId": "astro-cwlunc",
        "price": 4.022541016553476,
        "sourceContract": "terra1udqrxagr6tu0snr89hcyntj3zm0tjra3pslalsvyq6aczmr7aqtsfyyv48",
        "sourcePairId": "astro-cwlunc",
        "sourceType": "primary",
        "timestamp": "2026-05-20T23:51:58Z",
        "tokenAmount": 248.599081,
        "tokenSymbol": "ASTRO",
        "txhash": "ED0E98297B5BFFBFF5AC01BF7EE5DC5FAFDDCB31C1C58E8D2E0FCFF0339FBF56",
        "type": "BUY",
        "value": 1000.0,
        "wallet": "terra1nynrxdccq0r9ghrz0sq7tjkkh8wug0ggg4lkzsags8r9dyhf7ypqx5gsr8"
      },
      {
        "amount": 248.599081,
        "baseAmount": 1667.971046,
        "baseSymbol": "CWLUNC",
        "executionType": "direct",
        "pairId": "astro-cwlunc",
        "price": 6.709481946958604,
        "sourceContract": "terra1udqrxagr6tu0snr89hcyntj3zm0tjra3pslalsvyq6aczmr7aqtsfyyv48",
        "sourcePairId": "astro-cwlunc",
        "sourceType": "primary",
        "timestamp": "2026-05-20T23:51:29Z",
        "tokenAmount": 248.599081,
        "tokenSymbol": "ASTRO",
        "txhash": "C1A07AF312F7F9EC89560F24B0B0363B1C7B2AF7328A98B1315E28225EEED81C",
        "type": "SELL",
        "value": 1667.971046,
        "wallet": "terra1nynrxdccq0r9ghrz0sq7tjkkh8wug0ggg4lkzsags8r9dyhf7ypqx5gsr8"
      },
      {
        "amount": 248.599081,
        "baseAmount": 1000.0,
        "baseSymbol": "CWLUNC",
        "executionType": "direct",
        "pairId": "astro-cwlunc",
        "price": 4.022541016553476,
        "sourceContract": "terra1udqrxagr6tu0snr89hcyntj3zm0tjra3pslalsvyq6aczmr7aqtsfyyv48",
        "sourcePairId": "astro-cwlunc",
        "sourceType": "primary",
        "timestamp": "2026-05-20T23:51:11Z",
        "tokenAmount": 248.599081,
        "tokenSymbol": "ASTRO",
        "txhash": "A57801B0733AE1DA4FDB897927EE89A04B3A4241AB264A73514827788994772A",
        "type": "BUY",
        "value": 1000.0,
        "wallet": "terra1nynrxdccq0r9ghrz0sq7tjkkh8wug0ggg4lkzsags8r9dyhf7ypqx5gsr8"
      }
    ],
    "astro-cwustc": [
      {
        "amount": 15.0,
        "baseAmount": 158.615229,
        "baseSymbol": "CWUSTC",
        "executionType": "routed",
        "pairId": "astro-cwustc",
        "price": 10.5743486,
        "sourceContract": "terra1nynrxdccq0r9ghrz0sq7tjkkh8wug0ggg4lkzsags8r9dyhf7ypqx5gsr8",
        "sourcePairId": "astro-cwustc",
        "sourceType": "routed",
        "timestamp": "2026-04-13T19:56:36Z",
        "tokenAmount": 15.0,
        "tokenSymbol": "ASTRO",
        "txhash": "9B15978F01A8088EFF0D62DEE8AD8E611BDE4E0D9FF0900DB57DFDF0D369BEB6",
        "type": "SWAP",
        "value": 158.615229,
        "wallet": ""
      }
    ],
    "astro-lunc": [
      {
        "amount": 500.0,
        "baseAmount": 174.338665,
        "baseSymbol": "LUNC",
        "executionType": "routed",
        "pairId": "astro-lunc",
        "price": 0.34867733,
        "sourceContract": "terra1nynrxdccq0r9ghrz0sq7tjkkh8wug0ggg4lkzsags8r9dyhf7ypqx5gsr8",
        "sourcePairId": "astro-lunc",
        "sourceType": "routed",
        "timestamp": "2026-05-21T00:01:04Z",
        "tokenAmount": 500.0,
        "tokenSymbol": "ASTRO",
        "txhash": "E67485490EBDD0F84AC3D5DF04715780FC7FD493DBFC139221B4977CEDF9A54F",
        "type": "SWAP",
        "value": 174.338665,
        "wallet": ""
      },
      {
        "amount": 174.338665,
        "baseAmount": 1161.527002,
        "baseSymbol": "LUNC",
        "executionType": "routed",
        "pairId": "astro-lunc",
        "price": 6.662475028129877,
        "sourceContract": "terra1nynrxdccq0r9ghrz0sq7tjkkh8wug0ggg4lkzsags8r9dyhf7ypqx5gsr8",
        "sourcePairId": "astro-lunc",
        "sourceType": "routed",
        "timestamp": "2026-05-21T00:00:29Z",
        "tokenAmount": 174.338665,
        "tokenSymbol": "ASTRO",
        "txhash": "963472CED29F7532DC1C2B9F77C002B6EF338A9351E79B958FDAB3F88D516569",
        "type": "SWAP",
        "value": 1161.527002,
        "wallet": ""
      },
      {
        "amount": 500.0,
        "baseAmount": 174.338665,
        "baseSymbol": "LUNC",
        "executionType": "routed",
        "pairId": "astro-lunc",
        "price": 0.34867733,
        "sourceContract": "terra1nynrxdccq0r9ghrz0sq7tjkkh8wug0ggg4lkzsags8r9dyhf7ypqx5gsr8",
        "sourcePairId": "astro-lunc",
        "sourceType": "routed",
        "timestamp": "2026-05-21T00:00:00Z",
        "tokenAmount": 500.0,
        "tokenSymbol": "ASTRO",
        "txhash": "024F02AB9CF383DA99C6DAF4E93BDFDFDEE94393FF2AA9798EA523A24B4C1A66",
        "type": "SWAP",
        "value": 174.338665,
        "wallet": ""
      },
      {
        "amount": 174.338665,
        "baseAmount": 1161.527002,
        "baseSymbol": "LUNC",
        "executionType": "routed",
        "pairId": "astro-lunc",
        "price": 6.662475028129877,
        "sourceContract": "terra1nynrxdccq0r9ghrz0sq7tjkkh8wug0ggg4lkzsags8r9dyhf7ypqx5gsr8",
        "sourcePairId": "astro-lunc",
        "sourceType": "routed",
        "timestamp": "2026-05-20T23:59:31Z",
        "tokenAmount": 174.338665,
        "tokenSymbol": "ASTRO",
        "txhash": "0CB71C61FA3658C4BD79E350CBF7A646F5D2C5C993F1F7E2A6904788BC677C7B",
        "type": "SWAP",
        "value": 1161.527002,
        "wallet": ""
      },
      {
        "amount": 500.0,
        "baseAmount": 174.338665,
        "baseSymbol": "LUNC",
        "executionType": "routed",
        "pairId": "astro-lunc",
        "price": 0.34867733,
        "sourceContract": "terra1nynrxdccq0r9ghrz0sq7tjkkh8wug0ggg4lkzsags8r9dyhf7ypqx5gsr8",
        "sourcePairId": "astro-lunc",
        "sourceType": "routed",
        "timestamp": "2026-05-20T23:59:07Z",
        "tokenAmount": 500.0,
        "tokenSymbol": "ASTRO",
        "txhash": "EFE0C4F02C51CCF2E4F1269A897230DD8515C0B36467322A244D7471EBA7B841",
        "type": "SWAP",
        "value": 174.338665,
        "wallet": ""
      },
      {
        "amount": 248.599081,
        "baseAmount": 1651.333035,
        "baseSymbol": "LUNC",
        "executionType": "routed",
        "pairId": "astro-lunc",
        "price": 6.642554865277237,
        "sourceContract": "terra1nynrxdccq0r9ghrz0sq7tjkkh8wug0ggg4lkzsags8r9dyhf7ypqx5gsr8",
        "sourcePairId": "astro-lunc",
        "sourceType": "routed",
        "timestamp": "2026-05-20T23:58:49Z",
        "tokenAmount": 248.599081,
        "tokenSymbol": "ASTRO",
        "txhash": "4C14B08453D29229EBA8AF4AC813B15514E5972D23186DA9EC675D52B5E5D1EC",
        "type": "SWAP",
        "value": 1651.333035,
        "wallet": ""
      },
      {
        "amount": 1000.0,
        "baseAmount": 248.599081,
        "baseSymbol": "LUNC",
        "executionType": "routed",
        "pairId": "astro-lunc",
        "price": 0.248599081,
        "sourceContract": "terra1nynrxdccq0r9ghrz0sq7tjkkh8wug0ggg4lkzsags8r9dyhf7ypqx5gsr8",
        "sourcePairId": "astro-lunc",
        "sourceType": "routed",
        "timestamp": "2026-05-20T23:58:21Z",
        "tokenAmount": 1000.0,
        "tokenSymbol": "ASTRO",
        "txhash": "1E2DE345140D982D4965706C272B11F5F85B5AA1904780DD1FD7F95C5083BEE0",
        "type": "SWAP",
        "value": 248.599081,
        "wallet": ""
      },
      {
        "amount": 248.599081,
        "baseAmount": 1651.333035,
        "baseSymbol": "LUNC",
        "executionType": "routed",
        "pairId": "astro-lunc",
        "price": 6.642554865277237,
        "sourceContract": "terra1nynrxdccq0r9ghrz0sq7tjkkh8wug0ggg4lkzsags8r9dyhf7ypqx5gsr8",
        "sourcePairId": "astro-lunc",
        "sourceType": "routed",
        "timestamp": "2026-05-20T23:57:57Z",
        "tokenAmount": 248.599081,
        "tokenSymbol": "ASTRO",
        "txhash": "A6CA15C019BDBDC6D4BA2A012F992622FF7465EAD8379CC3D591A6D13AA51A15",
        "type": "SWAP",
        "value": 1651.333035,
        "wallet": ""
      },
      {
        "amount": 1000.0,
        "baseAmount": 248.599081,
        "baseSymbol": "LUNC",
        "executionType": "routed",
        "pairId": "astro-lunc",
        "price": 0.248599081,
        "sourceContract": "terra1nynrxdccq0r9ghrz0sq7tjkkh8wug0ggg4lkzsags8r9dyhf7ypqx5gsr8",
        "sourcePairId": "astro-lunc",
        "sourceType": "routed",
        "timestamp": "2026-05-20T23:57:39Z",
        "tokenAmount": 1000.0,
        "tokenSymbol": "ASTRO",
        "txhash": "B5E8C52F07955DF5A44BCE46336D171CF44DF23248772D99A0133A9F677660F5",
        "type": "SWAP",
        "value": 248.599081,
        "wallet": ""
      },
      {
        "amount": 248.599081,
        "baseAmount": 1651.333035,
        "baseSymbol": "LUNC",
        "executionType": "routed",
        "pairId": "astro-lunc",
        "price": 6.642554865277237,
        "sourceContract": "terra1nynrxdccq0r9ghrz0sq7tjkkh8wug0ggg4lkzsags8r9dyhf7ypqx5gsr8",
        "sourcePairId": "astro-lunc",
        "sourceType": "routed",
        "timestamp": "2026-05-20T23:57:10Z",
        "tokenAmount": 248.599081,
        "tokenSymbol": "ASTRO",
        "txhash": "233E47A97529197EF8F5A7BFB4F34E631BE26EC9E210548C82C565E5F995B15C",
        "type": "SWAP",
        "value": 1651.333035,
        "wallet": ""
      },
      {
        "amount": 1000.0,
        "baseAmount": 248.599081,
        "baseSymbol": "LUNC",
        "executionType": "routed",
        "pairId": "astro-lunc",
        "price": 0.248599081,
        "sourceContract": "terra1nynrxdccq0r9ghrz0sq7tjkkh8wug0ggg4lkzsags8r9dyhf7ypqx5gsr8",
        "sourcePairId": "astro-lunc",
        "sourceType": "routed",
        "timestamp": "2026-05-20T23:56:52Z",
        "tokenAmount": 1000.0,
        "tokenSymbol": "ASTRO",
        "txhash": "2E73AC685ADD186997C6CC31227ED2689D374F1EF55FA060135CE6D109D71D2D",
        "type": "SWAP",
        "value": 248.599081,
        "wallet": ""
      },
      {
        "amount": 248.599081,
        "baseAmount": 1651.333035,
        "baseSymbol": "LUNC",
        "executionType": "routed",
        "pairId": "astro-lunc",
        "price": 6.642554865277237,
        "sourceContract": "terra1nynrxdccq0r9ghrz0sq7tjkkh8wug0ggg4lkzsags8r9dyhf7ypqx5gsr8",
        "sourcePairId": "astro-lunc",
        "sourceType": "routed",
        "timestamp": "2026-05-20T23:56:29Z",
        "tokenAmount": 248.599081,
        "tokenSymbol": "ASTRO",
        "txhash": "A85AF7FEE7B81F2B493B9ED327B6E9DDBD925331A9D9E84FB04714274BB9D5E9",
        "type": "SWAP",
        "value": 1651.333035,
        "wallet": ""
      },
      {
        "amount": 1000.0,
        "baseAmount": 248.599081,
        "baseSymbol": "LUNC",
        "executionType": "routed",
        "pairId": "astro-lunc",
        "price": 0.248599081,
        "sourceContract": "terra1nynrxdccq0r9ghrz0sq7tjkkh8wug0ggg4lkzsags8r9dyhf7ypqx5gsr8",
        "sourcePairId": "astro-lunc",
        "sourceType": "routed",
        "timestamp": "2026-05-20T23:56:11Z",
        "tokenAmount": 1000.0,
        "tokenSymbol": "ASTRO",
        "txhash": "79F249750061F6D0B1206EA6B7BBD59C4710EA50C4A4DF218F3CF5D59D6435CC",
        "type": "SWAP",
        "value": 248.599081,
        "wallet": ""
      },
      {
        "amount": 839.880152,
        "baseAmount": 5533.07527,
        "baseSymbol": "LUNC",
        "executionType": "routed",
        "pairId": "astro-lunc",
        "price": 6.587934310418137,
        "sourceContract": "terra1nynrxdccq0r9ghrz0sq7tjkkh8wug0ggg4lkzsags8r9dyhf7ypqx5gsr8",
        "sourcePairId": "astro-lunc",
        "sourceType": "routed",
        "timestamp": "2026-05-20T23:56:00Z",
        "tokenAmount": 839.880152,
        "tokenSymbol": "ASTRO",
        "txhash": "7F0A88F97B621396D1D48ED9BB0048A9D013CDC66C7288DEB4426AE4B1597742",
        "type": "SWAP",
        "value": 5533.07527,
        "wallet": ""
      },
      {
        "amount": 5000.0,
        "baseAmount": 839.880152,
        "baseSymbol": "LUNC",
        "executionType": "routed",
        "pairId": "astro-lunc",
        "price": 0.1679760304,
        "sourceContract": "terra1nynrxdccq0r9ghrz0sq7tjkkh8wug0ggg4lkzsags8r9dyhf7ypqx5gsr8",
        "sourcePairId": "astro-lunc",
        "sourceType": "routed",
        "timestamp": "2026-05-20T23:55:36Z",
        "tokenAmount": 5000.0,
        "tokenSymbol": "ASTRO",
        "txhash": "88ECF905E448C09C47E91C4D36851700E3F2E8DAF8AD25C17ADED7A7B3A6A0B5",
        "type": "SWAP",
        "value": 839.880152,
        "wallet": ""
      },
      {
        "amount": 248.599081,
        "baseAmount": 1651.333035,
        "baseSymbol": "LUNC",
        "executionType": "routed",
        "pairId": "astro-lunc",
        "price": 6.642554865277237,
        "sourceContract": "terra1nynrxdccq0r9ghrz0sq7tjkkh8wug0ggg4lkzsags8r9dyhf7ypqx5gsr8",
        "sourcePairId": "astro-lunc",
        "sourceType": "routed",
        "timestamp": "2026-05-20T23:55:06Z",
        "tokenAmount": 248.599081,
        "tokenSymbol": "ASTRO",
        "txhash": "0660C878670123E518B6019164B0725BC928D597DE0189C3F17D06ABEC221DF6",
        "type": "SWAP",
        "value": 1651.333035,
        "wallet": ""
      },
      {
        "amount": 1000.0,
        "baseAmount": 248.599081,
        "baseSymbol": "LUNC",
        "executionType": "routed",
        "pairId": "astro-lunc",
        "price": 0.248599081,
        "sourceContract": "terra1nynrxdccq0r9ghrz0sq7tjkkh8wug0ggg4lkzsags8r9dyhf7ypqx5gsr8",
        "sourcePairId": "astro-lunc",
        "sourceType": "routed",
        "timestamp": "2026-05-20T23:54:48Z",
        "tokenAmount": 1000.0,
        "tokenSymbol": "ASTRO",
        "txhash": "18B45F0FF86BA2385F0084BB33A77A9A0F762C27CD826736970382B05852D6B5",
        "type": "SWAP",
        "value": 248.599081,
        "wallet": ""
      },
      {
        "amount": 248.599081,
        "baseAmount": 1651.333035,
        "baseSymbol": "LUNC",
        "executionType": "routed",
        "pairId": "astro-lunc",
        "price": 6.642554865277237,
        "sourceContract": "terra1nynrxdccq0r9ghrz0sq7tjkkh8wug0ggg4lkzsags8r9dyhf7ypqx5gsr8",
        "sourcePairId": "astro-lunc",
        "sourceType": "routed",
        "timestamp": "2026-05-20T23:53:55Z",
        "tokenAmount": 248.599081,
        "tokenSymbol": "ASTRO",
        "txhash": "33F82F94009D9BF8A06148EE4B03E479F5627AB52D3C355B75BF0842B7C5168F",
        "type": "SWAP",
        "value": 1651.333035,
        "wallet": ""
      },
      {
        "amount": 1000.0,
        "baseAmount": 248.599081,
        "baseSymbol": "LUNC",
        "executionType": "routed",
        "pairId": "astro-lunc",
        "price": 0.248599081,
        "sourceContract": "terra1nynrxdccq0r9ghrz0sq7tjkkh8wug0ggg4lkzsags8r9dyhf7ypqx5gsr8",
        "sourcePairId": "astro-lunc",
        "sourceType": "routed",
        "timestamp": "2026-05-20T23:53:32Z",
        "tokenAmount": 1000.0,
        "tokenSymbol": "ASTRO",
        "txhash": "4CB3761B395AD9F291281D5239C9D08DB1241E09B70E1F68D880003C25F75570",
        "type": "SWAP",
        "value": 248.599081,
        "wallet": ""
      },
      {
        "amount": 248.599081,
        "baseAmount": 1651.333035,
        "baseSymbol": "LUNC",
        "executionType": "routed",
        "pairId": "astro-lunc",
        "price": 6.642554865277237,
        "sourceContract": "terra1nynrxdccq0r9ghrz0sq7tjkkh8wug0ggg4lkzsags8r9dyhf7ypqx5gsr8",
        "sourcePairId": "astro-lunc",
        "sourceType": "routed",
        "timestamp": "2026-05-20T23:53:14Z",
        "tokenAmount": 248.599081,
        "tokenSymbol": "ASTRO",
        "txhash": "177DEDFE8C4E563032CD1B369CB67A50AFC7E67C2568904E0B0DD1791F7ED49C",
        "type": "SWAP",
        "value": 1651.333035,
        "wallet": ""
      },
      {
        "amount": 1000.0,
        "baseAmount": 248.599081,
        "baseSymbol": "LUNC",
        "executionType": "routed",
        "pairId": "astro-lunc",
        "price": 0.248599081,
        "sourceContract": "terra1nynrxdccq0r9ghrz0sq7tjkkh8wug0ggg4lkzsags8r9dyhf7ypqx5gsr8",
        "sourcePairId": "astro-lunc",
        "sourceType": "routed",
        "timestamp": "2026-05-20T23:52:45Z",
        "tokenAmount": 1000.0,
        "tokenSymbol": "ASTRO",
        "txhash": "D8931B1A799112C26E9B01E73EF5AAB45288A534D3F38850C779E2A9063D4592",
        "type": "SWAP",
        "value": 248.599081,
        "wallet": ""
      },
      {
        "amount": 248.599081,
        "baseAmount": 1651.333035,
        "baseSymbol": "LUNC",
        "executionType": "routed",
        "pairId": "astro-lunc",
        "price": 6.642554865277237,
        "sourceContract": "terra1nynrxdccq0r9ghrz0sq7tjkkh8wug0ggg4lkzsags8r9dyhf7ypqx5gsr8",
        "sourcePairId": "astro-lunc",
        "sourceType": "routed",
        "timestamp": "2026-05-20T23:52:22Z",
        "tokenAmount": 248.599081,
        "tokenSymbol": "ASTRO",
        "txhash": "9B0CBF9C356AD76B29AC40CE418AEA73374626AB89C449ADBD121D68EFB7C0A5",
        "type": "SWAP",
        "value": 1651.333035,
        "wallet": ""
      },
      {
        "amount": 1000.0,
        "baseAmount": 248.599081,
        "baseSymbol": "LUNC",
        "executionType": "routed",
        "pairId": "astro-lunc",
        "price": 0.248599081,
        "sourceContract": "terra1nynrxdccq0r9ghrz0sq7tjkkh8wug0ggg4lkzsags8r9dyhf7ypqx5gsr8",
        "sourcePairId": "astro-lunc",
        "sourceType": "routed",
        "timestamp": "2026-05-20T23:51:58Z",
        "tokenAmount": 1000.0,
        "tokenSymbol": "ASTRO",
        "txhash": "ED0E98297B5BFFBFF5AC01BF7EE5DC5FAFDDCB31C1C58E8D2E0FCFF0339FBF56",
        "type": "SWAP",
        "value": 248.599081,
        "wallet": ""
      },
      {
        "amount": 248.599081,
        "baseAmount": 1651.333035,
        "baseSymbol": "LUNC",
        "executionType": "routed",
        "pairId": "astro-lunc",
        "price": 6.642554865277237,
        "sourceContract": "terra1nynrxdccq0r9ghrz0sq7tjkkh8wug0ggg4lkzsags8r9dyhf7ypqx5gsr8",
        "sourcePairId": "astro-lunc",
        "sourceType": "routed",
        "timestamp": "2026-05-20T23:51:29Z",
        "tokenAmount": 248.599081,
        "tokenSymbol": "ASTRO",
        "txhash": "C1A07AF312F7F9EC89560F24B0B0363B1C7B2AF7328A98B1315E28225EEED81C",
        "type": "SWAP",
        "value": 1651.333035,
        "wallet": ""
      },
      {
        "amount": 1000.0,
        "baseAmount": 248.599081,
        "baseSymbol": "LUNC",
        "executionType": "routed",
        "pairId": "astro-lunc",
        "price": 0.248599081,
        "sourceContract": "terra1nynrxdccq0r9ghrz0sq7tjkkh8wug0ggg4lkzsags8r9dyhf7ypqx5gsr8",
        "sourcePairId": "astro-lunc",
        "sourceType": "routed",
        "timestamp": "2026-05-20T23:51:11Z",
        "tokenAmount": 1000.0,
        "tokenSymbol": "ASTRO",
        "txhash": "A57801B0733AE1DA4FDB897927EE89A04B3A4241AB264A73514827788994772A",
        "type": "SWAP",
        "value": 248.599081,
        "wallet": ""
      },
      {
        "amount": 248.599081,
        "baseAmount": 1651.333035,
        "baseSymbol": "LUNC",
        "executionType": "routed",
        "pairId": "astro-lunc",
        "price": 6.642554865277237,
        "sourceContract": "terra1nynrxdccq0r9ghrz0sq7tjkkh8wug0ggg4lkzsags8r9dyhf7ypqx5gsr8",
        "sourcePairId": "astro-lunc",
        "sourceType": "routed",
        "timestamp": "2026-05-20T23:50:36Z",
        "tokenAmount": 248.599081,
        "tokenSymbol": "ASTRO",
        "txhash": "FED5B81558598241D8D0778A9E35F13E3683543A9B2BC41BA84370DE5816B061",
        "type": "SWAP",
        "value": 1651.333035,
        "wallet": ""
      },
      {
        "amount": 1000.0,
        "baseAmount": 248.599081,
        "baseSymbol": "LUNC",
        "executionType": "routed",
        "pairId": "astro-lunc",
        "price": 0.248599081,
        "sourceContract": "terra1nynrxdccq0r9ghrz0sq7tjkkh8wug0ggg4lkzsags8r9dyhf7ypqx5gsr8",
        "sourcePairId": "astro-lunc",
        "sourceType": "routed",
        "timestamp": "2026-05-20T23:50:07Z",
        "tokenAmount": 1000.0,
        "tokenSymbol": "ASTRO",
        "txhash": "4D9EADF7019C74AF780C1D88C3B734C2E011F2A8813845231A40AC77683F3EDF",
        "type": "SWAP",
        "value": 248.599081,
        "wallet": ""
      },
      {
        "amount": 261.65581,
        "baseAmount": 1737.399454,
        "baseSymbol": "LUNC",
        "executionType": "routed",
        "pairId": "astro-lunc",
        "price": 6.640018633639361,
        "sourceContract": "terra1nynrxdccq0r9ghrz0sq7tjkkh8wug0ggg4lkzsags8r9dyhf7ypqx5gsr8",
        "sourcePairId": "astro-lunc",
        "sourceType": "routed",
        "timestamp": "2026-05-20T23:49:43Z",
        "tokenAmount": 261.65581,
        "tokenSymbol": "ASTRO",
        "txhash": "CB061955ABCADD4CB6BDA063A0725B5AFE47BBFE2E37E8FEA7DDC1C5C138238B",
        "type": "SWAP",
        "value": 1737.399454,
        "wallet": ""
      },
      {
        "amount": 250.0,
        "baseAmount": 137.179122,
        "baseSymbol": "LUNC",
        "executionType": "routed",
        "pairId": "astro-lunc",
        "price": 0.5487164880000001,
        "sourceContract": "terra1nynrxdccq0r9ghrz0sq7tjkkh8wug0ggg4lkzsags8r9dyhf7ypqx5gsr8",
        "sourcePairId": "astro-lunc",
        "sourceType": "routed",
        "timestamp": "2026-05-20T23:49:19Z",
        "tokenAmount": 250.0,
        "tokenSymbol": "ASTRO",
        "txhash": "978189FA3FC17DDFC09414C401D1CF067004A341AEE037572D1E5E24A706E4C8",
        "type": "SWAP",
        "value": 137.179122,
        "wallet": ""
      },
      {
        "amount": 1000.0,
        "baseAmount": 248.599081,
        "baseSymbol": "LUNC",
        "executionType": "routed",
        "pairId": "astro-lunc",
        "price": 0.248599081,
        "sourceContract": "terra1nynrxdccq0r9ghrz0sq7tjkkh8wug0ggg4lkzsags8r9dyhf7ypqx5gsr8",
        "sourcePairId": "astro-lunc",
        "sourceType": "routed",
        "timestamp": "2026-05-20T23:48:20Z",
        "tokenAmount": 1000.0,
        "tokenSymbol": "ASTRO",
        "txhash": "1757CED281FFB8F7203974D78DB8DAED3B95CA748A3CF43F02850690D9EE6303",
        "type": "SWAP",
        "value": 248.599081,
        "wallet": ""
      },
      {
        "amount": 839.880152,
        "baseAmount": 5533.07527,
        "baseSymbol": "LUNC",
        "executionType": "routed",
        "pairId": "astro-lunc",
        "price": 6.587934310418137,
        "sourceContract": "terra1nynrxdccq0r9ghrz0sq7tjkkh8wug0ggg4lkzsags8r9dyhf7ypqx5gsr8",
        "sourcePairId": "astro-lunc",
        "sourceType": "routed",
        "timestamp": "2026-05-20T23:41:23Z",
        "tokenAmount": 839.880152,
        "tokenSymbol": "ASTRO",
        "txhash": "E303B9EB0D87EB5E7FC95EB8B7D9D3AEA5EA101951C3062FFD6ED70A0081699C",
        "type": "SWAP",
        "value": 5533.07527,
        "wallet": ""
      },
      {
        "amount": 5000.0,
        "baseAmount": 839.880152,
        "baseSymbol": "LUNC",
        "executionType": "routed",
        "pairId": "astro-lunc",
        "price": 0.1679760304,
        "sourceContract": "terra1nynrxdccq0r9ghrz0sq7tjkkh8wug0ggg4lkzsags8r9dyhf7ypqx5gsr8",
        "sourcePairId": "astro-lunc",
        "sourceType": "routed",
        "timestamp": "2026-05-20T23:41:00Z",
        "tokenAmount": 5000.0,
        "tokenSymbol": "ASTRO",
        "txhash": "917B8129BD59A906B337FD04F679DFFA6ADBDCC7FF5F850A1A07BFD6FC1BB66F",
        "type": "SWAP",
        "value": 839.880152,
        "wallet": ""
      },
      {
        "amount": 839.880152,
        "baseAmount": 5533.07527,
        "baseSymbol": "LUNC",
        "executionType": "routed",
        "pairId": "astro-lunc",
        "price": 6.587934310418137,
        "sourceContract": "terra1nynrxdccq0r9ghrz0sq7tjkkh8wug0ggg4lkzsags8r9dyhf7ypqx5gsr8",
        "sourcePairId": "astro-lunc",
        "sourceType": "routed",
        "timestamp": "2026-05-20T23:35:53Z",
        "tokenAmount": 839.880152,
        "tokenSymbol": "ASTRO",
        "txhash": "78DABD1376549DBC7F01692AC1F234CF6EC3FD0F415101971E67A4490A692E9E",
        "type": "SWAP",
        "value": 5533.07527,
        "wallet": ""
      },
      {
        "amount": 5000.0,
        "baseAmount": 839.880152,
        "baseSymbol": "LUNC",
        "executionType": "routed",
        "pairId": "astro-lunc",
        "price": 0.1679760304,
        "sourceContract": "terra1nynrxdccq0r9ghrz0sq7tjkkh8wug0ggg4lkzsags8r9dyhf7ypqx5gsr8",
        "sourcePairId": "astro-lunc",
        "sourceType": "routed",
        "timestamp": "2026-05-20T23:35:35Z",
        "tokenAmount": 5000.0,
        "tokenSymbol": "ASTRO",
        "txhash": "07FEA83B262FEEAA0EB9DD5C65373B10A72DEE3F23C7B9DD9D75DD6111D27236",
        "type": "SWAP",
        "value": 839.880152,
        "wallet": ""
      },
      {
        "amount": 839.880152,
        "baseAmount": 5533.07527,
        "baseSymbol": "LUNC",
        "executionType": "routed",
        "pairId": "astro-lunc",
        "price": 6.587934310418137,
        "sourceContract": "terra1nynrxdccq0r9ghrz0sq7tjkkh8wug0ggg4lkzsags8r9dyhf7ypqx5gsr8",
        "sourcePairId": "astro-lunc",
        "sourceType": "routed",
        "timestamp": "2026-05-20T23:35:06Z",
        "tokenAmount": 839.880152,
        "tokenSymbol": "ASTRO",
        "txhash": "AF560429CEDE25B29198CD6133F502C9105173537E36F54AF4043AD121E94AE2",
        "type": "SWAP",
        "value": 5533.07527,
        "wallet": ""
      },
      {
        "amount": 5000.0,
        "baseAmount": 839.880152,
        "baseSymbol": "LUNC",
        "executionType": "routed",
        "pairId": "astro-lunc",
        "price": 0.1679760304,
        "sourceContract": "terra1nynrxdccq0r9ghrz0sq7tjkkh8wug0ggg4lkzsags8r9dyhf7ypqx5gsr8",
        "sourcePairId": "astro-lunc",
        "sourceType": "routed",
        "timestamp": "2026-05-20T23:34:42Z",
        "tokenAmount": 5000.0,
        "tokenSymbol": "ASTRO",
        "txhash": "EBE1B1E0B0DF1E6E1BFA84D447633003034819269C94978F610BD2FEC8938DE8",
        "type": "SWAP",
        "value": 839.880152,
        "wallet": ""
      },
      {
        "amount": 839.880152,
        "baseAmount": 5533.07527,
        "baseSymbol": "LUNC",
        "executionType": "routed",
        "pairId": "astro-lunc",
        "price": 6.587934310418137,
        "sourceContract": "terra1nynrxdccq0r9ghrz0sq7tjkkh8wug0ggg4lkzsags8r9dyhf7ypqx5gsr8",
        "sourcePairId": "astro-lunc",
        "sourceType": "routed",
        "timestamp": "2026-05-20T23:34:25Z",
        "tokenAmount": 839.880152,
        "tokenSymbol": "ASTRO",
        "txhash": "DD2168CE2DADAD73A131B66E8ABBD66BC4C9CF40970B3CFC266F502014ED513F",
        "type": "SWAP",
        "value": 5533.07527,
        "wallet": ""
      },
      {
        "amount": 5000.0,
        "baseAmount": 839.880152,
        "baseSymbol": "LUNC",
        "executionType": "routed",
        "pairId": "astro-lunc",
        "price": 0.1679760304,
        "sourceContract": "terra1nynrxdccq0r9ghrz0sq7tjkkh8wug0ggg4lkzsags8r9dyhf7ypqx5gsr8",
        "sourcePairId": "astro-lunc",
        "sourceType": "routed",
        "timestamp": "2026-05-20T23:34:02Z",
        "tokenAmount": 5000.0,
        "tokenSymbol": "ASTRO",
        "txhash": "EBBC4029E05317706D337B2CEFA77E7E9199C6EDC57440C5CF6F4FB4FD406635",
        "type": "SWAP",
        "value": 839.880152,
        "wallet": ""
      },
      {
        "amount": 839.880152,
        "baseAmount": 5533.07527,
        "baseSymbol": "LUNC",
        "executionType": "routed",
        "pairId": "astro-lunc",
        "price": 6.587934310418137,
        "sourceContract": "terra1nynrxdccq0r9ghrz0sq7tjkkh8wug0ggg4lkzsags8r9dyhf7ypqx5gsr8",
        "sourcePairId": "astro-lunc",
        "sourceType": "routed",
        "timestamp": "2026-05-20T23:33:32Z",
        "tokenAmount": 839.880152,
        "tokenSymbol": "ASTRO",
        "txhash": "11850F77B46E1CD1642801E8D946ED3109D65B92448BD8E278C78541E2152D24",
        "type": "SWAP",
        "value": 5533.07527,
        "wallet": ""
      },
      {
        "amount": 5000.0,
        "baseAmount": 839.880152,
        "baseSymbol": "LUNC",
        "executionType": "routed",
        "pairId": "astro-lunc",
        "price": 0.1679760304,
