{
  "pairs": {
    "amplunc-cwlunc": [
      {
        "amount": 8319.424727,
        "baseAmount": 10992.71171,
        "baseSymbol": "CWLUNC",
        "executionType": "direct",
        "pairId": "amplunc-cwlunc",
        "price": 1.3213307495077238,
        "sourceContract": "terra12gkp648mkgj6esr5y6dwc2q4mftnfzk2pudka8",
        "sourcePairId": "amplunc-cwlunc-ref-1",
        "sourceType": "reference",
        "timestamp": "2026-05-14T01:55:54Z",
        "tokenAmount": 8319.424727,
        "tokenSymbol": "AMPLUNC",
        "txhash": "C462D4ADA7A38FFD96DBB5018D03B25073C1D9A4F35A153CCFA215827AC64845",
        "type": "BUY",
        "value": 10992.71171,
        "wallet": "terra1q7a9kg5xusufjfjp3v8ghsc7urfrlj8m99hlwh"
      },
      {
        "amount": 7877.946845,
        "baseAmount": 10346.682813,
        "baseSymbol": "CWLUNC",
        "executionType": "direct",
        "pairId": "amplunc-cwlunc",
        "price": 1.313373016672087,
        "sourceContract": "terra12gkp648mkgj6esr5y6dwc2q4mftnfzk2pudka8",
        "sourcePairId": "amplunc-cwlunc-ref-1",
        "sourceType": "reference",
        "timestamp": "2026-05-14T01:01:01Z",
        "tokenAmount": 7877.946845,
        "tokenSymbol": "AMPLUNC",
        "txhash": "AF15CB4D21BFD9C3B0A7845CFAFD84835CD81874B9D535EEE2E200A2EBB30E49",
        "type": "BUY",
        "value": 10346.682813,
        "wallet": "terra1q7a9kg5xusufjfjp3v8ghsc7urfrlj8m99hlwh"
      },
      {
        "amount": 7017.407119,
        "baseAmount": 9206.121666,
        "baseSymbol": "CWLUNC",
        "executionType": "direct",
        "pairId": "amplunc-cwlunc",
        "price": 1.3118979004472946,
        "sourceContract": "terra1r8k9pea8wmt93l703azhs82kpjva0cpq8tq5at",
        "sourcePairId": "amplunc-cwlunc-ref-3",
        "sourceType": "reference",
        "timestamp": "2026-05-13T23:08:03Z",
        "tokenAmount": 7017.407119,
        "tokenSymbol": "AMPLUNC",
        "txhash": "D4945FA4DBC47FB8FCB4F7C769E8F463897815DA1929942AD948C7F84190941C",
        "type": "BUY",
        "value": 9206.121666,
        "wallet": "terra1q7a9kg5xusufjfjp3v8ghsc7urfrlj8m99hlwh"
      },
      {
        "amount": 5803.526097,
        "baseAmount": 7583.496216,
        "baseSymbol": "CWLUNC",
        "executionType": "direct",
        "pairId": "amplunc-cwlunc",
        "price": 1.306704939247213,
        "sourceContract": "terra12gkp648mkgj6esr5y6dwc2q4mftnfzk2pudka8",
        "sourcePairId": "amplunc-cwlunc-ref-1",
        "sourceType": "reference",
        "timestamp": "2026-05-13T11:33:35Z",
        "tokenAmount": 5803.526097,
        "tokenSymbol": "AMPLUNC",
        "txhash": "368F755B288A73E705C9CBE86D948876B911830BAFB84888922C09ABD313D168",
        "type": "BUY",
        "value": 7583.496216,
        "wallet": "terra1g3zc8lwwmkrm0cz9wkgl849pdqaw6cq8lh7872"
      },
      {
        "amount": 7894.019324,
        "baseAmount": 10240.189802,
        "baseSymbol": "CWLUNC",
        "executionType": "direct",
        "pairId": "amplunc-cwlunc",
        "price": 1.2972086058703953,
        "sourceContract": "terra1r8k9pea8wmt93l703azhs82kpjva0cpq8tq5at",
        "sourcePairId": "amplunc-cwlunc-ref-3",
        "sourceType": "reference",
        "timestamp": "2026-05-12T19:05:12Z",
        "tokenAmount": 7894.019324,
        "tokenSymbol": "AMPLUNC",
        "txhash": "7DBEE887D2E65BB3620F4E31BDD18CA6957B8F1E2521EEDDBAE77E088F7E4BF0",
        "type": "BUY",
        "value": 10240.189802,
        "wallet": "terra1q7a9kg5xusufjfjp3v8ghsc7urfrlj8m99hlwh"
      },
      {
        "amount": 5902.63773,
        "baseAmount": 7666.979253,
        "baseSymbol": "CWLUNC",
        "executionType": "direct",
        "pairId": "amplunc-cwlunc",
        "price": 1.298907302752595,
        "sourceContract": "terra12gkp648mkgj6esr5y6dwc2q4mftnfzk2pudka8",
        "sourcePairId": "amplunc-cwlunc-ref-1",
        "sourceType": "reference",
        "timestamp": "2026-05-12T15:10:48Z",
        "tokenAmount": 5902.63773,
        "tokenSymbol": "AMPLUNC",
        "txhash": "C7CFF977BAD821A03863268512BBCE1BAD4E5936DF2C673EBD593C512D21A004",
        "type": "SELL",
        "value": 7666.979253,
        "wallet": "terra1g3zc8lwwmkrm0cz9wkgl849pdqaw6cq8lh7872"
      },
      {
        "amount": 6373.841985,
        "baseAmount": 8316.794138,
        "baseSymbol": "CWLUNC",
        "executionType": "direct",
        "pairId": "amplunc-cwlunc",
        "price": 1.304832180900073,
        "sourceContract": "terra12gkp648mkgj6esr5y6dwc2q4mftnfzk2pudka8",
        "sourcePairId": "amplunc-cwlunc-ref-1",
        "sourceType": "reference",
        "timestamp": "2026-05-12T08:12:24Z",
        "tokenAmount": 6373.841985,
        "tokenSymbol": "AMPLUNC",
        "txhash": "03A08C1EB10816B32A496F7CC8BFAF734374232124773C2418B02FDE53B7A41E",
        "type": "SELL",
        "value": 8316.794138,
        "wallet": "terra1g3zc8lwwmkrm0cz9wkgl849pdqaw6cq8lh7872"
      },
      {
        "amount": 11479.452228,
        "baseAmount": 15040.527812,
        "baseSymbol": "CWLUNC",
        "executionType": "direct",
        "pairId": "amplunc-cwlunc",
        "price": 1.3102130235198886,
        "sourceContract": "terra12gkp648mkgj6esr5y6dwc2q4mftnfzk2pudka8",
        "sourcePairId": "amplunc-cwlunc-ref-1",
        "sourceType": "reference",
        "timestamp": "2026-05-12T08:10:03Z",
        "tokenAmount": 11479.452228,
        "tokenSymbol": "AMPLUNC",
        "txhash": "F5A988F7BA4A51D61BFC3B0E08DC447EE81B246C8AD59D5D0C5762C9A0129EB1",
        "type": "BUY",
        "value": 15040.527812,
        "wallet": "terra1g3zc8lwwmkrm0cz9wkgl849pdqaw6cq8lh7872"
      },
      {
        "amount": 7686.883787,
        "baseAmount": 10000.0,
        "baseSymbol": "CWLUNC",
        "executionType": "direct",
        "pairId": "amplunc-cwlunc",
        "price": 1.3009172867829646,
        "sourceContract": "terra12gkp648mkgj6esr5y6dwc2q4mftnfzk2pudka8",
        "sourcePairId": "amplunc-cwlunc-ref-1",
        "sourceType": "reference",
        "timestamp": "2026-05-12T08:09:52Z",
        "tokenAmount": 7686.883787,
        "tokenSymbol": "AMPLUNC",
        "txhash": "E47E72D936C6E19110D35B5474080DE8AC9121468132919495F2C2DB2C05B63A",
        "type": "BUY",
        "value": 10000.0,
        "wallet": "terra1zafpjz7h4x9cd8n5rf9lxz7tru352taxtl8jeu"
      },
      {
        "amount": 5810.308299,
        "baseAmount": 7521.049257,
        "baseSymbol": "CWLUNC",
        "executionType": "direct",
        "pairId": "amplunc-cwlunc",
        "price": 1.2944320455929046,
        "sourceContract": "terra12gkp648mkgj6esr5y6dwc2q4mftnfzk2pudka8",
        "sourcePairId": "amplunc-cwlunc-ref-1",
        "sourceType": "reference",
        "timestamp": "2026-05-12T08:08:48Z",
        "tokenAmount": 5810.308299,
        "tokenSymbol": "AMPLUNC",
        "txhash": "7EC3F5FE7D1A6FDF019CCAF1308AFE555847E388B9FE001BA1431D6D44D5BB16",
        "type": "BUY",
        "value": 7521.049257,
        "wallet": "terra1g3zc8lwwmkrm0cz9wkgl849pdqaw6cq8lh7872"
      },
      {
        "amount": 3876.54892,
        "baseAmount": 5000.0,
        "baseSymbol": "CWLUNC",
        "executionType": "direct",
        "pairId": "amplunc-cwlunc",
        "price": 1.289807017319931,
        "sourceContract": "terra12gkp648mkgj6esr5y6dwc2q4mftnfzk2pudka8",
        "sourcePairId": "amplunc-cwlunc-ref-1",
        "sourceType": "reference",
        "timestamp": "2026-05-12T08:07:08Z",
        "tokenAmount": 3876.54892,
        "tokenSymbol": "AMPLUNC",
        "txhash": "9195C8E8A6F6541ABDD051B2AB74FDAD5670D335B707EB96A31153F378401CF6",
        "type": "BUY",
        "value": 5000.0,
        "wallet": "terra1zafpjz7h4x9cd8n5rf9lxz7tru352taxtl8jeu"
      },
      {
        "amount": 11246.94888,
        "baseAmount": 14425.888938,
        "baseSymbol": "CWLUNC",
        "executionType": "direct",
        "pairId": "amplunc-cwlunc",
        "price": 1.2826491070527566,
        "sourceContract": "terra12gkp648mkgj6esr5y6dwc2q4mftnfzk2pudka8",
        "sourcePairId": "amplunc-cwlunc-ref-1",
        "sourceType": "reference",
        "timestamp": "2026-05-12T08:06:50Z",
        "tokenAmount": 11246.94888,
        "tokenSymbol": "AMPLUNC",
        "txhash": "B17442BB62A2C0620A8DD772E315F2B1CC9540453FDFFEB7634EE09B79D5AE67",
        "type": "BUY",
        "value": 14425.888938,
        "wallet": "terra1ydeh9exz82qrzw82ycjr6n462u5ldt8m8qt4rh"
      },
      {
        "amount": 22358.026411,
        "baseAmount": 28621.724004,
        "baseSymbol": "CWLUNC",
        "executionType": "direct",
        "pairId": "amplunc-cwlunc",
        "price": 1.2801543158531339,
        "sourceContract": "terra12gkp648mkgj6esr5y6dwc2q4mftnfzk2pudka8",
        "sourcePairId": "amplunc-cwlunc-ref-1",
        "sourceType": "reference",
        "timestamp": "2026-05-12T08:06:38Z",
        "tokenAmount": 22358.026411,
        "tokenSymbol": "AMPLUNC",
        "txhash": "5F743F6A2D74B5D7B4DCD72F7C351D79EFD4F430970DE40ED0D5A5C27427780B",
        "type": "SELL",
        "value": 28621.724004,
        "wallet": "terra1g3zc8lwwmkrm0cz9wkgl849pdqaw6cq8lh7872"
      },
      {
        "amount": 832.148643,
        "baseAmount": 1074.413563,
        "baseSymbol": "CWLUNC",
        "executionType": "direct",
        "pairId": "amplunc-cwlunc",
        "price": 1.291131785214003,
        "sourceContract": "terra12gkp648mkgj6esr5y6dwc2q4mftnfzk2pudka8",
        "sourcePairId": "amplunc-cwlunc-ref-1",
        "sourceType": "reference",
        "timestamp": "2026-05-12T08:03:19Z",
        "tokenAmount": 832.148643,
        "tokenSymbol": "AMPLUNC",
        "txhash": "0629751AFEBEC07C247F5F6754DDDBDFB896F31B6503F50F1D5A18A79F557FAA",
        "type": "SELL",
        "value": 1074.413563,
        "wallet": "terra1g3zc8lwwmkrm0cz9wkgl849pdqaw6cq8lh7872"
      },
      {
        "amount": 251.531702,
        "baseAmount": 324.890647,
        "baseSymbol": "CWLUNC",
        "executionType": "direct",
        "pairId": "amplunc-cwlunc",
        "price": 1.2916489031668859,
        "sourceContract": "terra12gkp648mkgj6esr5y6dwc2q4mftnfzk2pudka8",
        "sourcePairId": "amplunc-cwlunc-ref-1",
        "sourceType": "reference",
        "timestamp": "2026-05-11T15:07:38Z",
        "tokenAmount": 251.531702,
        "tokenSymbol": "AMPLUNC",
        "txhash": "7D0EF831DC8C76F05DC27D4D55D7248F63EA7217B3219DC576445105DD4560F2",
        "type": "SELL",
        "value": 324.890647,
        "wallet": "terra1g3zc8lwwmkrm0cz9wkgl849pdqaw6cq8lh7872"
      },
      {
        "amount": 127.353065,
        "baseAmount": 164.518475,
        "baseSymbol": "CWLUNC",
        "executionType": "direct",
        "pairId": "amplunc-cwlunc",
        "price": 1.2918297254958095,
        "sourceContract": "terra12gkp648mkgj6esr5y6dwc2q4mftnfzk2pudka8",
        "sourcePairId": "amplunc-cwlunc-ref-1",
        "sourceType": "reference",
        "timestamp": "2026-05-11T14:45:01Z",
        "tokenAmount": 127.353065,
        "tokenSymbol": "AMPLUNC",
        "txhash": "F6FC0BFA2E3BC018E002D680C670D71E89115C5EF6BBBD9C45523DBB0197E166",
        "type": "SELL",
        "value": 164.518475,
        "wallet": "terra1g3zc8lwwmkrm0cz9wkgl849pdqaw6cq8lh7872"
      },
      {
        "amount": 183.248806,
        "baseAmount": 236.753404,
        "baseSymbol": "CWLUNC",
        "executionType": "direct",
        "pairId": "amplunc-cwlunc",
        "price": 1.2919778806089464,
        "sourceContract": "terra12gkp648mkgj6esr5y6dwc2q4mftnfzk2pudka8",
        "sourcePairId": "amplunc-cwlunc-ref-1",
        "sourceType": "reference",
        "timestamp": "2026-05-11T14:43:51Z",
        "tokenAmount": 183.248806,
        "tokenSymbol": "AMPLUNC",
        "txhash": "EEA3CC7B8DEBE578A40A44795CFE52291E5DA299924BCBDD629E6AFD2EABB0E9",
        "type": "SELL",
        "value": 236.753404,
        "wallet": "terra1g3zc8lwwmkrm0cz9wkgl849pdqaw6cq8lh7872"
      },
      {
        "amount": 409.068061,
        "baseAmount": 528.622457,
        "baseSymbol": "CWLUNC",
        "executionType": "direct",
        "pairId": "amplunc-cwlunc",
        "price": 1.2922604021143564,
        "sourceContract": "terra12gkp648mkgj6esr5y6dwc2q4mftnfzk2pudka8",
        "sourcePairId": "amplunc-cwlunc-ref-1",
        "sourceType": "reference",
        "timestamp": "2026-05-11T14:38:52Z",
        "tokenAmount": 409.068061,
        "tokenSymbol": "AMPLUNC",
        "txhash": "281DB6AB160339AF4C8C867EDD23C57E3C45BE2B1852E382561BB498DB9C5E7A",
        "type": "SELL",
        "value": 528.622457,
        "wallet": "terra1g3zc8lwwmkrm0cz9wkgl849pdqaw6cq8lh7872"
      },
      {
        "amount": 1565.393582,
        "baseAmount": 2016.219399,
        "baseSymbol": "CWLUNC",
        "executionType": "direct",
        "pairId": "amplunc-cwlunc",
        "price": 1.2879951867593642,
        "sourceContract": "terra1r8k9pea8wmt93l703azhs82kpjva0cpq8tq5at",
        "sourcePairId": "amplunc-cwlunc-ref-3",
        "sourceType": "reference",
        "timestamp": "2026-05-11T11:22:21Z",
        "tokenAmount": 1565.393582,
        "tokenSymbol": "AMPLUNC",
        "txhash": "0B76D868279BE5622AD448E427ABC4EB340217B6465FE2F189EF47016B2C6B5A",
        "type": "BUY",
        "value": 2016.219399,
        "wallet": "terra1ydeh9exz82qrzw82ycjr6n462u5ldt8m8qt4rh"
      },
      {
        "amount": 6161.814993,
        "baseAmount": 7982.015311,
        "baseSymbol": "CWLUNC",
        "executionType": "direct",
        "pairId": "amplunc-cwlunc",
        "price": 1.295400027437987,
        "sourceContract": "terra12gkp648mkgj6esr5y6dwc2q4mftnfzk2pudka8",
        "sourcePairId": "amplunc-cwlunc-ref-1",
        "sourceType": "reference",
        "timestamp": "2026-05-11T09:46:12Z",
        "tokenAmount": 6161.814993,
        "tokenSymbol": "AMPLUNC",
        "txhash": "9D02C77B3FFF0EA8C7CB608E225BB7C847B60CACFFDB5D61B5AEFC4B09A764D2",
        "type": "SELL",
        "value": 7982.015311,
        "wallet": "terra1g3zc8lwwmkrm0cz9wkgl849pdqaw6cq8lh7872"
      },
      {
        "amount": 5754.163229,
        "baseAmount": 7500.0,
        "baseSymbol": "CWLUNC",
        "executionType": "direct",
        "pairId": "amplunc-cwlunc",
        "price": 1.3034041096021192,
        "sourceContract": "terra12gkp648mkgj6esr5y6dwc2q4mftnfzk2pudka8",
        "sourcePairId": "amplunc-cwlunc-ref-1",
        "sourceType": "reference",
        "timestamp": "2026-05-11T09:44:44Z",
        "tokenAmount": 5754.163229,
        "tokenSymbol": "AMPLUNC",
        "txhash": "115BABCA816E7CEC6E687D3CF316940E71259581006F3E66AD2143696A84D747",
        "type": "BUY",
        "value": 7500.0,
        "wallet": "terra1g3zc8lwwmkrm0cz9wkgl849pdqaw6cq8lh7872"
      },
      {
        "amount": 7793.549981,
        "baseAmount": 10104.776309,
        "baseSymbol": "CWLUNC",
        "executionType": "direct",
        "pairId": "amplunc-cwlunc",
        "price": 1.2965562976608311,
        "sourceContract": "terra12gkp648mkgj6esr5y6dwc2q4mftnfzk2pudka8",
        "sourcePairId": "amplunc-cwlunc-ref-1",
        "sourceType": "reference",
        "timestamp": "2026-05-10T14:41:58Z",
        "tokenAmount": 7793.549981,
        "tokenSymbol": "AMPLUNC",
        "txhash": "1DB4F2B675ABFC33EFB98AC3069302AA76D0A2C6D0A7369485982A51A0CB10F3",
        "type": "SELL",
        "value": 10104.776309,
        "wallet": "terra1q7a9kg5xusufjfjp3v8ghsc7urfrlj8m99hlwh"
      },
      {
        "amount": 2557.53132,
        "baseAmount": 3328.722648,
        "baseSymbol": "CWLUNC",
        "executionType": "direct",
        "pairId": "amplunc-cwlunc",
        "price": 1.3015373934892809,
        "sourceContract": "terra12gkp648mkgj6esr5y6dwc2q4mftnfzk2pudka8",
        "sourcePairId": "amplunc-cwlunc-ref-1",
        "sourceType": "reference",
        "timestamp": "2026-05-10T09:17:05Z",
        "tokenAmount": 2557.53132,
        "tokenSymbol": "AMPLUNC",
        "txhash": "06ABCBF163069C1F6D4F144CE5569433921EE3CA3E21C982CF3DB80C5E374B12",
        "type": "SELL",
        "value": 3328.722648,
        "wallet": "terra1g3zc8lwwmkrm0cz9wkgl849pdqaw6cq8lh7872"
      },
      {
        "amount": 38020.958345,
        "baseAmount": 50000.0,
        "baseSymbol": "CWLUNC",
        "executionType": "direct",
        "pairId": "amplunc-cwlunc",
        "price": 1.3150641692485199,
        "sourceContract": "terra1fkhc5unv3x8dss2nkthv482um40fsx7hjqmmdnq3qrjdjzup3pesaa75hg",
        "sourcePairId": "amplunc-cwlunc",
        "sourceType": "primary",
        "timestamp": "2026-05-10T08:51:56Z",
        "tokenAmount": 38020.958345,
        "tokenSymbol": "AMPLUNC",
        "txhash": "FAACCD5DA681F17C4950C0B3455AE21A97ED903B4BAABA6D6782210CA2265D63",
        "type": "BUY",
        "value": 50000.0,
        "wallet": "terra1nynrxdccq0r9ghrz0sq7tjkkh8wug0ggg4lkzsags8r9dyhf7ypqx5gsr8"
      },
      {
        "amount": 38317.109736,
        "baseAmount": 50000.0,
        "baseSymbol": "CWLUNC",
        "executionType": "direct",
        "pairId": "amplunc-cwlunc",
        "price": 1.3049000914863784,
        "sourceContract": "terra1fkhc5unv3x8dss2nkthv482um40fsx7hjqmmdnq3qrjdjzup3pesaa75hg",
        "sourcePairId": "amplunc-cwlunc",
        "sourceType": "primary",
        "timestamp": "2026-05-10T08:51:03Z",
        "tokenAmount": 38317.109736,
        "tokenSymbol": "AMPLUNC",
        "txhash": "04C889EB874D85440428EB7C4CEF8187928D1F2A0D5EBBBEF62BA74BC923644A",
        "type": "BUY",
        "value": 50000.0,
        "wallet": "terra1nynrxdccq0r9ghrz0sq7tjkkh8wug0ggg4lkzsags8r9dyhf7ypqx5gsr8"
      },
      {
        "amount": 38798.724832,
        "baseAmount": 50000.0,
        "baseSymbol": "CWLUNC",
        "executionType": "direct",
        "pairId": "amplunc-cwlunc",
        "price": 1.2887021472097848,
        "sourceContract": "terra1fkhc5unv3x8dss2nkthv482um40fsx7hjqmmdnq3qrjdjzup3pesaa75hg",
        "sourcePairId": "amplunc-cwlunc",
        "sourceType": "primary",
        "timestamp": "2026-05-10T08:50:34Z",
        "tokenAmount": 38798.724832,
        "tokenSymbol": "AMPLUNC",
        "txhash": "1E14EA7D581CD6CA7E673541B2610910984FCF9BFEFC4D8CBC477F631658015D",
        "type": "BUY",
        "value": 50000.0,
        "wallet": "terra1nynrxdccq0r9ghrz0sq7tjkkh8wug0ggg4lkzsags8r9dyhf7ypqx5gsr8"
      },
      {
        "amount": 9552.900276,
        "baseAmount": 12125.033597,
        "baseSymbol": "CWLUNC",
        "executionType": "direct",
        "pairId": "amplunc-cwlunc",
        "price": 1.2692515620059426,
        "sourceContract": "terra12gkp648mkgj6esr5y6dwc2q4mftnfzk2pudka8",
        "sourcePairId": "amplunc-cwlunc-ref-1",
        "sourceType": "reference",
        "timestamp": "2026-05-10T04:53:22Z",
        "tokenAmount": 9552.900276,
        "tokenSymbol": "AMPLUNC",
        "txhash": "BF2BB33CC5D064C22A9877C854145A59E95A57729322CE14B0FD68686ABFAE8F",
        "type": "BUY",
        "value": 12125.033597,
        "wallet": "terra1q7a9kg5xusufjfjp3v8ghsc7urfrlj8m99hlwh"
      },
      {
        "amount": 60000.0,
        "baseAmount": 77117.468166,
        "baseSymbol": "CWLUNC",
        "executionType": "direct",
        "pairId": "amplunc-cwlunc",
        "price": 1.2852911361000001,
        "sourceContract": "terra12gkp648mkgj6esr5y6dwc2q4mftnfzk2pudka8",
        "sourcePairId": "amplunc-cwlunc-ref-1",
        "sourceType": "reference",
        "timestamp": "2026-05-09T20:19:49Z",
        "tokenAmount": 60000.0,
        "tokenSymbol": "AMPLUNC",
        "txhash": "545D23E6DA70DC79791F66EC7D97DAAD16AD5F6A0DD3766577038F4F6E825B8A",
        "type": "SELL",
        "value": 77117.468166,
        "wallet": "terra1gqen4nmatzkgemacvzvhcrmdm9dxp955ent90w"
      },
      {
        "amount": 4000.0,
        "baseAmount": 5264.071673,
        "baseSymbol": "CWLUNC",
        "executionType": "direct",
        "pairId": "amplunc-cwlunc",
        "price": 1.31601791825,
        "sourceContract": "terra12gkp648mkgj6esr5y6dwc2q4mftnfzk2pudka8",
        "sourcePairId": "amplunc-cwlunc-ref-1",
        "sourceType": "reference",
        "timestamp": "2026-05-09T20:18:56Z",
        "tokenAmount": 4000.0,
        "tokenSymbol": "AMPLUNC",
        "txhash": "E0E2FEF2E711A2C95FB9824384EEEBBAF3F085B707CCE59850D9A59B1F942137",
        "type": "SELL",
        "value": 5264.071673,
        "wallet": "terra1gqen4nmatzkgemacvzvhcrmdm9dxp955ent90w"
      },
      {
        "amount": 38248.296976,
        "baseAmount": 50000.0,
        "baseSymbol": "CWLUNC",
        "executionType": "direct",
        "pairId": "amplunc-cwlunc",
        "price": 1.3072477457329394,
        "sourceContract": "terra12gkp648mkgj6esr5y6dwc2q4mftnfzk2pudka8",
        "sourcePairId": "amplunc-cwlunc-ref-1",
        "sourceType": "reference",
        "timestamp": "2026-05-09T20:18:27Z",
        "tokenAmount": 38248.296976,
        "tokenSymbol": "AMPLUNC",
        "txhash": "B70BF90A718DA0AF56870A799B2A8F545F2B1CC025E3EEC526E105D3B3A2C931",
        "type": "BUY",
        "value": 50000.0,
        "wallet": "terra1zafpjz7h4x9cd8n5rf9lxz7tru352taxtl8jeu"
      },
      {
        "amount": 7070.574964,
        "baseAmount": 9048.2418,
        "baseSymbol": "CWLUNC",
        "executionType": "direct",
        "pairId": "amplunc-cwlunc",
        "price": 1.2797038212690393,
        "sourceContract": "terra1r8k9pea8wmt93l703azhs82kpjva0cpq8tq5at",
        "sourcePairId": "amplunc-cwlunc-ref-3",
        "sourceType": "reference",
        "timestamp": "2026-05-09T19:01:54Z",
        "tokenAmount": 7070.574964,
        "tokenSymbol": "AMPLUNC",
        "txhash": "54179865EED8DA0F48FB7116A11ACF90CEB66AD0D220579BB16F3D483C806A8B",
        "type": "BUY",
        "value": 9048.2418,
        "wallet": "terra1q7a9kg5xusufjfjp3v8ghsc7urfrlj8m99hlwh"
      },
      {
        "amount": 9256.53302,
        "baseAmount": 11889.051171,
        "baseSymbol": "CWLUNC",
        "executionType": "direct",
        "pairId": "amplunc-cwlunc",
        "price": 1.28439569602486,
        "sourceContract": "terra12gkp648mkgj6esr5y6dwc2q4mftnfzk2pudka8",
        "sourcePairId": "amplunc-cwlunc-ref-1",
        "sourceType": "reference",
        "timestamp": "2026-05-09T14:50:34Z",
        "tokenAmount": 9256.53302,
        "tokenSymbol": "AMPLUNC",
        "txhash": "67BEF440D473A9C1C13BF97A5AF19143741CC7B2DEB3320D8A24B41ACBD33D3A",
        "type": "BUY",
        "value": 11889.051171,
        "wallet": "terra1g3zc8lwwmkrm0cz9wkgl849pdqaw6cq8lh7872"
      },
      {
        "amount": 3422.231189,
        "baseAmount": 4359.734989,
        "baseSymbol": "CWLUNC",
        "executionType": "direct",
        "pairId": "amplunc-cwlunc",
        "price": 1.2739451978035257,
        "sourceContract": "terra12gkp648mkgj6esr5y6dwc2q4mftnfzk2pudka8",
        "sourcePairId": "amplunc-cwlunc-ref-1",
        "sourceType": "reference",
        "timestamp": "2026-05-09T05:48:12Z",
        "tokenAmount": 3422.231189,
        "tokenSymbol": "AMPLUNC",
        "txhash": "040B9AD0CCAC7D3D6B24C21681FF018C2256CB503FFDC0460CF1C308080D4703",
        "type": "SELL",
        "value": 4359.734989,
        "wallet": "terra1g3zc8lwwmkrm0cz9wkgl849pdqaw6cq8lh7872"
      },
      {
        "amount": 8214.987702,
        "baseAmount": 10510.029183,
        "baseSymbol": "CWLUNC",
        "executionType": "direct",
        "pairId": "amplunc-cwlunc",
        "price": 1.2793724792115337,
        "sourceContract": "terra12gkp648mkgj6esr5y6dwc2q4mftnfzk2pudka8",
        "sourcePairId": "amplunc-cwlunc-ref-1",
        "sourceType": "reference",
        "timestamp": "2026-05-08T21:44:53Z",
        "tokenAmount": 8214.987702,
        "tokenSymbol": "AMPLUNC",
        "txhash": "B5EAB2BE4BD9C5F5B985DE2B0748ECBCE25AAD098910482F3D38EF927F27079B",
        "type": "BUY",
        "value": 10510.029183,
        "wallet": "terra1q7a9kg5xusufjfjp3v8ghsc7urfrlj8m99hlwh"
      },
      {
        "amount": 1551.65205,
        "baseAmount": 1978.0222,
        "baseSymbol": "CWLUNC",
        "executionType": "direct",
        "pairId": "amplunc-cwlunc",
        "price": 1.2747846400228713,
        "sourceContract": "terra12gkp648mkgj6esr5y6dwc2q4mftnfzk2pudka8",
        "sourcePairId": "amplunc-cwlunc-ref-1",
        "sourceType": "reference",
        "timestamp": "2026-05-08T17:59:23Z",
        "tokenAmount": 1551.65205,
        "tokenSymbol": "AMPLUNC",
        "txhash": "FC4F2F0943DB1C2F9A7C66468265D40C23666BFCD805BCBCD3B50AFF6E6A2A8C",
        "type": "BUY",
        "value": 1978.0222,
        "wallet": "terra1g3zc8lwwmkrm0cz9wkgl849pdqaw6cq8lh7872"
      },
      {
        "amount": 239.223122,
        "baseAmount": 302.984642,
        "baseSymbol": "CWLUNC",
        "executionType": "direct",
        "pairId": "amplunc-cwlunc",
        "price": 1.2665357740795642,
        "sourceContract": "terra12gkp648mkgj6esr5y6dwc2q4mftnfzk2pudka8",
        "sourcePairId": "amplunc-cwlunc-ref-1",
        "sourceType": "reference",
        "timestamp": "2026-05-08T13:54:39Z",
        "tokenAmount": 239.223122,
        "tokenSymbol": "AMPLUNC",
        "txhash": "3CF5493110DEF7BD75D1348536AEF3C3FC8ACE965777DA9955230222FDE92794",
        "type": "SELL",
        "value": 302.984642,
        "wallet": "terra10fsmdspfdukffwv0lrjm6gc9w3fcrl9fe076cl"
      },
      {
        "amount": 4338.122693,
        "baseAmount": 5503.587662,
        "baseSymbol": "CWLUNC",
        "executionType": "direct",
        "pairId": "amplunc-cwlunc",
        "price": 1.2686565252939008,
        "sourceContract": "terra12gkp648mkgj6esr5y6dwc2q4mftnfzk2pudka8",
        "sourcePairId": "amplunc-cwlunc-ref-1",
        "sourceType": "reference",
        "timestamp": "2026-05-07T14:40:16Z",
        "tokenAmount": 4338.122693,
        "tokenSymbol": "AMPLUNC",
        "txhash": "A7DB39D75434084117ACE4828DD74F5ED6236BAC10C5A7D41E5BA7D73C558DEC",
        "type": "SELL",
        "value": 5503.587662,
        "wallet": "terra1zafpjz7h4x9cd8n5rf9lxz7tru352taxtl8jeu"
      },
      {
        "amount": 12067.109753,
        "baseAmount": 15494.182855,
        "baseSymbol": "CWLUNC",
        "executionType": "direct",
        "pairId": "amplunc-cwlunc",
        "price": 1.2840011545555052,
        "sourceContract": "terra12gkp648mkgj6esr5y6dwc2q4mftnfzk2pudka8",
        "sourcePairId": "amplunc-cwlunc-ref-2",
        "sourceType": "reference",
        "timestamp": "2026-05-07T05:28:30Z",
        "tokenAmount": 12067.109753,
        "tokenSymbol": "AMPLUNC",
        "txhash": "4A82A2F07B36ED9666DBFB41EB4A2EA0137286DC12484BD53605F6E9A4018E40",
        "type": "BUY",
        "value": 15494.182855,
        "wallet": "terra1g3zc8lwwmkrm0cz9wkgl849pdqaw6cq8lh7872"
      },
      {
        "amount": 4481.512491,
        "baseAmount": 5703.745473,
        "baseSymbol": "CWLUNC",
        "executionType": "direct",
        "pairId": "amplunc-cwlunc",
        "price": 1.2727277865351374,
        "sourceContract": "terra12gkp648mkgj6esr5y6dwc2q4mftnfzk2pudka8",
        "sourcePairId": "amplunc-cwlunc-ref-2",
        "sourceType": "reference",
        "timestamp": "2026-05-07T05:07:52Z",
        "tokenAmount": 4481.512491,
        "tokenSymbol": "AMPLUNC",
        "txhash": "F59DA5F1A00CC23F4B70BDA9AD808FE3F8BE416ECCC3FEF24E5D07BAC05240AA",
        "type": "SELL",
        "value": 5703.745473,
        "wallet": "terra1zafpjz7h4x9cd8n5rf9lxz7tru352taxtl8jeu"
      },
      {
        "amount": 8030.901398,
        "baseAmount": 10269.383394,
        "baseSymbol": "CWLUNC",
        "executionType": "direct",
        "pairId": "amplunc-cwlunc",
        "price": 1.2787335922910805,
        "sourceContract": "terra12gkp648mkgj6esr5y6dwc2q4mftnfzk2pudka8",
        "sourcePairId": "amplunc-cwlunc-ref-2",
        "sourceType": "reference",
        "timestamp": "2026-05-07T01:49:16Z",
        "tokenAmount": 8030.901398,
        "tokenSymbol": "AMPLUNC",
        "txhash": "FBCA9CBF18C0590C08F7B323F4B3101B432D311A6A6C20F2F3F4E85114114973",
        "type": "BUY",
        "value": 10269.383394,
        "wallet": "terra1q7a9kg5xusufjfjp3v8ghsc7urfrlj8m99hlwh"
      },
      {
        "amount": 5673.676299,
        "baseAmount": 7191.863827,
        "baseSymbol": "CWLUNC",
        "executionType": "direct",
        "pairId": "amplunc-cwlunc",
        "price": 1.267584445779465,
        "sourceContract": "terra1r8k9pea8wmt93l703azhs82kpjva0cpq8tq5at",
        "sourcePairId": "amplunc-cwlunc-ref-3",
        "sourceType": "reference",
        "timestamp": "2026-05-07T01:00:57Z",
        "tokenAmount": 5673.676299,
        "tokenSymbol": "AMPLUNC",
        "txhash": "C86D99163C226483CABB5E953837D538F6E887BE93E93489E9CFE19BE81D0833",
        "type": "BUY",
        "value": 7191.863827,
        "wallet": "terra1q7a9kg5xusufjfjp3v8ghsc7urfrlj8m99hlwh"
      },
      {
        "amount": 9182.769957,
        "baseAmount": 11668.405311,
        "baseSymbol": "CWLUNC",
        "executionType": "direct",
        "pairId": "amplunc-cwlunc",
        "price": 1.270684702506917,
        "sourceContract": "terra12gkp648mkgj6esr5y6dwc2q4mftnfzk2pudka8",
        "sourcePairId": "amplunc-cwlunc-ref-2",
        "sourceType": "reference",
        "timestamp": "2026-05-06T14:21:09Z",
        "tokenAmount": 9182.769957,
        "tokenSymbol": "AMPLUNC",
        "txhash": "A7A13212517E652AF690F4A0509683D3A3BBFF8E14C04BACA3A908A520603E03",
        "type": "BUY",
        "value": 11668.405311,
        "wallet": "terra1g3zc8lwwmkrm0cz9wkgl849pdqaw6cq8lh7872"
      },
      {
        "amount": 1580.177192,
        "baseAmount": 2000.0,
        "baseSymbol": "CWLUNC",
        "executionType": "direct",
        "pairId": "amplunc-cwlunc",
        "price": 1.2656808427089359,
        "sourceContract": "terra12gkp648mkgj6esr5y6dwc2q4mftnfzk2pudka8",
        "sourcePairId": "amplunc-cwlunc-ref-2",
        "sourceType": "reference",
        "timestamp": "2026-05-06T08:13:58Z",
        "tokenAmount": 1580.177192,
        "tokenSymbol": "AMPLUNC",
        "txhash": "2C6E9DA70FDE27D63813C002A88CD44D6B0A9785B283C388C3110DE4CEA1B8B7",
        "type": "BUY",
        "value": 2000.0,
        "wallet": "terra1g3zc8lwwmkrm0cz9wkgl849pdqaw6cq8lh7872"
      },
      {
        "amount": 8700.231471,
        "baseAmount": 11265.701126,
        "baseSymbol": "CWLUNC",
        "executionType": "direct",
        "pairId": "amplunc-cwlunc",
        "price": 1.294873724170597,
        "sourceContract": "terra132qwlqxffksjfg6ntzp4m5786lrlmgrufzx5c6",
        "sourcePairId": "amplunc-cwlunc-ref-1",
        "sourceType": "reference",
        "timestamp": "2026-05-06T00:35:41Z",
        "tokenAmount": 8700.231471,
        "tokenSymbol": "AMPLUNC",
        "txhash": "CAF5C55485367B09A7C6CDAF4FACC1CE55F4808BFE109177FAE74129DD9A595A",
        "type": "SELL",
        "value": 11265.701126,
        "wallet": "terra1ydeh9exz82qrzw82ycjr6n462u5ldt8m8qt4rh"
      },
      {
        "amount": 2314.317543,
        "baseAmount": 2912.406911,
        "baseSymbol": "CWLUNC",
        "executionType": "direct",
        "pairId": "amplunc-cwlunc",
        "price": 1.2584301233030923,
        "sourceContract": "terra12gkp648mkgj6esr5y6dwc2q4mftnfzk2pudka8",
        "sourcePairId": "amplunc-cwlunc-ref-2",
        "sourceType": "reference",
        "timestamp": "2026-05-05T23:48:38Z",
        "tokenAmount": 2314.317543,
        "tokenSymbol": "AMPLUNC",
        "txhash": "ABD6B4BFDBB6C7179ACDA7E986965810D1A96C936072D037FCB7AA49BBC8134F",
        "type": "SELL",
        "value": 2912.406911,
        "wallet": "terra1g3zc8lwwmkrm0cz9wkgl849pdqaw6cq8lh7872"
      },
      {
        "amount": 1814.770048,
        "baseAmount": 2287.203277,
        "baseSymbol": "CWLUNC",
        "executionType": "direct",
        "pairId": "amplunc-cwlunc",
        "price": 1.2603267722655294,
        "sourceContract": "terra12gkp648mkgj6esr5y6dwc2q4mftnfzk2pudka8",
        "sourcePairId": "amplunc-cwlunc-ref-2",
        "sourceType": "reference",
        "timestamp": "2026-05-05T22:58:22Z",
        "tokenAmount": 1814.770048,
        "tokenSymbol": "AMPLUNC",
        "txhash": "4CC0B2715A2EFE4C1DBF2C1E6BC5E2D7EA338024E0EC0A99D1F82366D6E72981",
        "type": "SELL",
        "value": 2287.203277,
        "wallet": "terra1g3zc8lwwmkrm0cz9wkgl849pdqaw6cq8lh7872"
      },
      {
        "amount": 8785.904222,
        "baseAmount": 11401.601944,
        "baseSymbol": "CWLUNC",
        "executionType": "direct",
        "pairId": "amplunc-cwlunc",
        "price": 1.2977152556990394,
        "sourceContract": "terra132qwlqxffksjfg6ntzp4m5786lrlmgrufzx5c6",
        "sourcePairId": "amplunc-cwlunc-ref-1",
        "sourceType": "reference",
        "timestamp": "2026-05-05T22:55:31Z",
        "tokenAmount": 8785.904222,
        "tokenSymbol": "AMPLUNC",
        "txhash": "589D3CEF7385E1315D5E0D5466DCDAAB1A9516CA927267AFA162AB6F8D5532E3",
        "type": "SELL",
        "value": 11401.601944,
        "wallet": "terra1ydeh9exz82qrzw82ycjr6n462u5ldt8m8qt4rh"
      },
      {
        "amount": 8642.428005,
        "baseAmount": 11239.96792,
        "baseSymbol": "CWLUNC",
        "executionType": "direct",
        "pairId": "amplunc-cwlunc",
        "price": 1.3005567316843387,
        "sourceContract": "terra132qwlqxffksjfg6ntzp4m5786lrlmgrufzx5c6",
        "sourcePairId": "amplunc-cwlunc-ref-1",
        "sourceType": "reference",
        "timestamp": "2026-05-05T19:53:01Z",
        "tokenAmount": 8642.428005,
        "tokenSymbol": "AMPLUNC",
        "txhash": "ED2DAF41E8CEA00DB827256DDD0BF349ACF4E116088018AC0165BB4D61ED3455",
        "type": "SELL",
        "value": 11239.96792,
        "wallet": "terra1ydeh9exz82qrzw82ycjr6n462u5ldt8m8qt4rh"
      },
      {
        "amount": 1672.957672,
        "baseAmount": 2178.59858,
        "baseSymbol": "CWLUNC",
        "executionType": "direct",
        "pairId": "amplunc-cwlunc",
        "price": 1.302243694782494,
        "sourceContract": "terra132qwlqxffksjfg6ntzp4m5786lrlmgrufzx5c6",
        "sourcePairId": "amplunc-cwlunc-ref-1",
        "sourceType": "reference",
        "timestamp": "2026-05-05T19:11:04Z",
        "tokenAmount": 1672.957672,
        "tokenSymbol": "AMPLUNC",
        "txhash": "F7B24BEC3C6A4C8BC440B4F5237F09B1F9135B6D8235C65F49A7B83033DC42D7",
        "type": "SELL",
        "value": 2178.59858,
        "wallet": "terra1ydeh9exz82qrzw82ycjr6n462u5ldt8m8qt4rh"
      },
      {
        "amount": 5669.909638,
        "baseAmount": 7143.82997,
        "baseSymbol": "CWLUNC",
        "executionType": "direct",
        "pairId": "amplunc-cwlunc",
        "price": 1.2599548187014686,
        "sourceContract": "terra1r8k9pea8wmt93l703azhs82kpjva0cpq8tq5at",
        "sourcePairId": "amplunc-cwlunc-ref-3",
        "sourceType": "reference",
        "timestamp": "2026-05-05T17:54:43Z",
        "tokenAmount": 5669.909638,
        "tokenSymbol": "AMPLUNC",
        "txhash": "4F500A62719A17A9A7B47603997D93EF255A09758DEEAF28900BB570A58752E0",
        "type": "SELL",
        "value": 7143.82997,
        "wallet": "terra1q7a9kg5xusufjfjp3v8ghsc7urfrlj8m99hlwh"
      }
    ],
    "amplunc-cwustc": [],
    "amplunc-lunc": [
      {
        "amount": 50000.0,
        "baseAmount": 38020.958345,
        "baseSymbol": "LUNC",
        "executionType": "routed",
        "pairId": "amplunc-lunc",
        "price": 0.7604191669,
        "sourceContract": "terra1nynrxdccq0r9ghrz0sq7tjkkh8wug0ggg4lkzsags8r9dyhf7ypqx5gsr8",
        "sourcePairId": "amplunc-lunc",
        "sourceType": "routed",
        "timestamp": "2026-05-10T08:51:56Z",
        "tokenAmount": 50000.0,
        "tokenSymbol": "AMPLUNC",
        "txhash": "FAACCD5DA681F17C4950C0B3455AE21A97ED903B4BAABA6D6782210CA2265D63",
        "type": "SWAP",
        "value": 38020.958345,
        "wallet": ""
      },
      {
        "amount": 50000.0,
        "baseAmount": 38317.109736,
        "baseSymbol": "LUNC",
        "executionType": "routed",
        "pairId": "amplunc-lunc",
        "price": 0.76634219472,
        "sourceContract": "terra1nynrxdccq0r9ghrz0sq7tjkkh8wug0ggg4lkzsags8r9dyhf7ypqx5gsr8",
        "sourcePairId": "amplunc-lunc",
        "sourceType": "routed",
        "timestamp": "2026-05-10T08:51:03Z",
        "tokenAmount": 50000.0,
        "tokenSymbol": "AMPLUNC",
        "txhash": "04C889EB874D85440428EB7C4CEF8187928D1F2A0D5EBBBEF62BA74BC923644A",
        "type": "SWAP",
        "value": 38317.109736,
        "wallet": ""
      },
      {
        "amount": 50000.0,
        "baseAmount": 38798.724832,
        "baseSymbol": "LUNC",
        "executionType": "routed",
        "pairId": "amplunc-lunc",
        "price": 0.77597449664,
        "sourceContract": "terra1nynrxdccq0r9ghrz0sq7tjkkh8wug0ggg4lkzsags8r9dyhf7ypqx5gsr8",
        "sourcePairId": "amplunc-lunc",
        "sourceType": "routed",
        "timestamp": "2026-05-10T08:50:34Z",
        "tokenAmount": 50000.0,
        "tokenSymbol": "AMPLUNC",
        "txhash": "1E14EA7D581CD6CA7E673541B2610910984FCF9BFEFC4D8CBC477F631658015D",
        "type": "SWAP",
        "value": 38798.724832,
        "wallet": ""
      },
      {
        "amount": 12345.0,
        "baseAmount": 9578.673131,
        "baseSymbol": "LUNC",
        "executionType": "routed",
        "pairId": "amplunc-lunc",
        "price": 0.775915198946942,
        "sourceContract": "terra1nynrxdccq0r9ghrz0sq7tjkkh8wug0ggg4lkzsags8r9dyhf7ypqx5gsr8",
        "sourcePairId": "amplunc-lunc",
        "sourceType": "routed",
        "timestamp": "2026-05-02T01:06:00Z",
        "tokenAmount": 12345.0,
        "tokenSymbol": "AMPLUNC",
        "txhash": "8076734D8388FE5F314EE91CD4B69CE1C6B53D3A0F52702F75B856414F205B05",
        "type": "SWAP",
        "value": 9578.673131,
        "wallet": ""
      },
      {
        "amount": 26772.690282,
        "baseAmount": 20608.777342,
        "baseSymbol": "LUNC",
        "executionType": "routed",
        "pairId": "amplunc-lunc",
        "price": 0.7697686382998961,
        "sourceContract": "terra1nynrxdccq0r9ghrz0sq7tjkkh8wug0ggg4lkzsags8r9dyhf7ypqx5gsr8",
        "sourcePairId": "amplunc-lunc",
        "sourceType": "routed",
        "timestamp": "2026-05-02T00:06:35Z",
        "tokenAmount": 26772.690282,
        "tokenSymbol": "AMPLUNC",
        "txhash": "EC33BB46AF37719207927BC74BDBFEDFB34FA94CC5E08B5F20BFB8B2D67B5FA6",
        "type": "SWAP",
        "value": 20608.777342,
        "wallet": ""
      }
    ],
    "amplunc-mdot": [],
    "amplunc-ustc": [],
    "astro-amplunc": [],
    "astro-cwlunc": [
      {
        "amount": 1502.817815,
        "baseAmount": 10808.109252,
        "baseSymbol": "CWLUNC",
        "executionType": "direct",
        "pairId": "astro-cwlunc",
        "price": 7.191895879940709,
        "sourceContract": "terra1nujm9zqa4hpaz9s8wrhrp86h3m9xwprjt9kmf9",
        "sourcePairId": "astro-cwlunc-ref-1",
        "sourceType": "reference",
        "timestamp": "2026-05-14T03:08:33Z",
        "tokenAmount": 1502.817815,
        "tokenSymbol": "ASTRO",
        "txhash": "C4532F522F338BBA7C329A86127B1E8B98586C0E2C022FAC4E2B691B89BDB86F",
        "type": "BUY",
        "value": 10808.109252,
        "wallet": "terra1ydeh9exz82qrzw82ycjr6n462u5ldt8m8qt4rh"
      },
      {
        "amount": 1531.333788,
        "baseAmount": 10772.594837,
        "baseSymbol": "CWLUNC",
        "executionType": "direct",
        "pairId": "astro-cwlunc",
        "price": 7.034779041262819,
        "sourceContract": "terra1nujm9zqa4hpaz9s8wrhrp86h3m9xwprjt9kmf9",
        "sourcePairId": "astro-cwlunc-ref-1",
        "sourceType": "reference",
        "timestamp": "2026-05-14T03:06:30Z",
        "tokenAmount": 1531.333788,
        "tokenSymbol": "ASTRO",
        "txhash": "7BCAB5684427C9039701F0E50A42B7879BD271D53AEC71088DE73E211D43BE30",
        "type": "BUY",
        "value": 10772.594837,
        "wallet": "terra1ydeh9exz82qrzw82ycjr6n462u5ldt8m8qt4rh"
      },
      {
        "amount": 1553.116454,
        "baseAmount": 10685.864658,
        "baseSymbol": "CWLUNC",
        "executionType": "direct",
        "pairId": "astro-cwlunc",
        "price": 6.880272648247921,
        "sourceContract": "terra1nujm9zqa4hpaz9s8wrhrp86h3m9xwprjt9kmf9",
        "sourcePairId": "astro-cwlunc-ref-1",
        "sourceType": "reference",
        "timestamp": "2026-05-14T03:05:19Z",
        "tokenAmount": 1553.116454,
        "tokenSymbol": "ASTRO",
        "txhash": "A23CE41CC2FEBEE635F981E3E3975FEDBB6F015462E6FE30556AE90BA47285F8",
        "type": "BUY",
        "value": 10685.864658,
        "wallet": "terra1ydeh9exz82qrzw82ycjr6n462u5ldt8m8qt4rh"
      },
      {
        "amount": 506.638385,
        "baseAmount": 3423.980077,
        "baseSymbol": "CWLUNC",
        "executionType": "direct",
        "pairId": "astro-cwlunc",
        "price": 6.758232653453606,
        "sourceContract": "terra1udqrxagr6tu0snr89hcyntj3zm0tjra3pslalsvyq6aczmr7aqtsfyyv48",
        "sourcePairId": "astro-cwlunc",
        "sourceType": "primary",
        "timestamp": "2026-05-10T19:15:39Z",
        "tokenAmount": 506.638385,
        "tokenSymbol": "ASTRO",
        "txhash": "0E266C8F919D68561FBF3B1B4BC56C166343AEF86F181AC174E6EE84CF857FED",
        "type": "SELL",
        "value": 3423.980077,
        "wallet": "terra1nynrxdccq0r9ghrz0sq7tjkkh8wug0ggg4lkzsags8r9dyhf7ypqx5gsr8"
      },
      {
        "amount": 506.638385,
        "baseAmount": 2774.853367,
        "baseSymbol": "CWLUNC",
        "executionType": "direct",
        "pairId": "astro-cwlunc",
        "price": 5.476989997510749,
        "sourceContract": "terra1udqrxagr6tu0snr89hcyntj3zm0tjra3pslalsvyq6aczmr7aqtsfyyv48",
        "sourcePairId": "astro-cwlunc",
        "sourceType": "primary",
        "timestamp": "2026-05-10T19:15:10Z",
        "tokenAmount": 506.638385,
        "tokenSymbol": "ASTRO",
        "txhash": "94798D0882E4E77846AE6D742A70320B4614594B35EA066CB10D5ABF03BF8BE1",
        "type": "BUY",
        "value": 2774.853367,
        "wallet": "terra1nynrxdccq0r9ghrz0sq7tjkkh8wug0ggg4lkzsags8r9dyhf7ypqx5gsr8"
      },
      {
        "amount": 1356.608577,
        "baseAmount": 9142.282614,
        "baseSymbol": "CWLUNC",
        "executionType": "direct",
        "pairId": "astro-cwlunc",
        "price": 6.739071806708767,
        "sourceContract": "terra1nujm9zqa4hpaz9s8wrhrp86h3m9xwprjt9kmf9",
        "sourcePairId": "astro-cwlunc-ref-1",
        "sourceType": "reference",
        "timestamp": "2026-05-09T05:06:01Z",
        "tokenAmount": 1356.608577,
        "tokenSymbol": "ASTRO",
        "txhash": "D4BD105B25FC7E925DDF4AB1A97EFB45AA181787F78F061C1B6099B8F24B9580",
        "type": "BUY",
        "value": 9142.282614,
        "wallet": "terra1ydeh9exz82qrzw82ycjr6n462u5ldt8m8qt4rh"
      },
      {
        "amount": 1576.30537,
        "baseAmount": 10405.534528,
        "baseSymbol": "CWLUNC",
        "executionType": "direct",
        "pairId": "astro-cwlunc",
        "price": 6.601217458264448,
        "sourceContract": "terra1nujm9zqa4hpaz9s8wrhrp86h3m9xwprjt9kmf9",
        "sourcePairId": "astro-cwlunc-ref-1",
        "sourceType": "reference",
        "timestamp": "2026-05-07T03:38:46Z",
        "tokenAmount": 1576.30537,
        "tokenSymbol": "ASTRO",
        "txhash": "0BFF072EB558F792266E5B6E0516795F4E13775CDC5E8E4EAD5A196A5798D475",
        "type": "BUY",
        "value": 10405.534528,
        "wallet": "terra1ydeh9exz82qrzw82ycjr6n462u5ldt8m8qt4rh"
      },
      {
        "amount": 1623.625956,
        "baseAmount": 10656.647104,
        "baseSymbol": "CWLUNC",
        "executionType": "direct",
        "pairId": "astro-cwlunc",
        "price": 6.563486537412808,
        "sourceContract": "terra1nujm9zqa4hpaz9s8wrhrp86h3m9xwprjt9kmf9",
        "sourcePairId": "astro-cwlunc-ref-1",
        "sourceType": "reference",
        "timestamp": "2026-05-06T00:29:08Z",
        "tokenAmount": 1623.625956,
        "tokenSymbol": "ASTRO",
        "txhash": "0DD078B4A038555CA4F3BF8C386F2EEBBA3E35458B6E4341EED4C08B072910CF",
        "type": "SELL",
        "value": 10656.647104,
        "wallet": "terra1ydeh9exz82qrzw82ycjr6n462u5ldt8m8qt4rh"
      },
      {
        "amount": 1575.967759,
        "baseAmount": 10579.242203,
        "baseSymbol": "CWLUNC",
        "executionType": "direct",
        "pairId": "astro-cwlunc",
        "price": 6.712854462018218,
        "sourceContract": "terra1nujm9zqa4hpaz9s8wrhrp86h3m9xwprjt9kmf9",
        "sourcePairId": "astro-cwlunc-ref-1",
        "sourceType": "reference",
        "timestamp": "2026-05-05T17:58:35Z",
        "tokenAmount": 1575.967759,
        "tokenSymbol": "ASTRO",
        "txhash": "C1722FCBA10C4CDD92F4BBDDC67C6541F3215E824738BA834D233877784FF860",
        "type": "SELL",
        "value": 10579.242203,
        "wallet": "terra1ydeh9exz82qrzw82ycjr6n462u5ldt8m8qt4rh"
      },
      {
        "amount": 1597.481419,
        "baseAmount": 10968.488042,
        "baseSymbol": "CWLUNC",
        "executionType": "direct",
        "pairId": "astro-cwlunc",
        "price": 6.866113064943262,
        "sourceContract": "terra1nujm9zqa4hpaz9s8wrhrp86h3m9xwprjt9kmf9",
        "sourcePairId": "astro-cwlunc-ref-1",
        "sourceType": "reference",
        "timestamp": "2026-05-05T17:56:48Z",
        "tokenAmount": 1597.481419,
        "tokenSymbol": "ASTRO",
        "txhash": "4AA900C58D352832C2AC766E3CD6E8DBBED7D9E9C0B89328BF755F1FCBF3B25B",
        "type": "SELL",
        "value": 10968.488042,
        "wallet": "terra1ydeh9exz82qrzw82ycjr6n462u5ldt8m8qt4rh"
      },
      {
        "amount": 1545.896688,
        "baseAmount": 10857.044357,
        "baseSymbol": "CWLUNC",
        "executionType": "direct",
        "pairId": "astro-cwlunc",
        "price": 7.023137083660018,
        "sourceContract": "terra1nujm9zqa4hpaz9s8wrhrp86h3m9xwprjt9kmf9",
        "sourcePairId": "astro-cwlunc-ref-1",
        "sourceType": "reference",
        "timestamp": "2026-05-05T15:05:28Z",
        "tokenAmount": 1545.896688,
        "tokenSymbol": "ASTRO",
        "txhash": "9C163486AF3BF05299E2F0E00A64180D10CBC9018A9D8EABF5F91E0F6904588E",
        "type": "SELL",
        "value": 10857.044357,
        "wallet": "terra1ydeh9exz82qrzw82ycjr6n462u5ldt8m8qt4rh"
      },
      {
        "amount": 1495.552547,
        "baseAmount": 10738.449178,
        "baseSymbol": "CWLUNC",
        "executionType": "direct",
        "pairId": "astro-cwlunc",
        "price": 7.180255350800456,
        "sourceContract": "terra1nujm9zqa4hpaz9s8wrhrp86h3m9xwprjt9kmf9",
        "sourcePairId": "astro-cwlunc-ref-1",
        "sourceType": "reference",
        "timestamp": "2026-05-04T21:31:26Z",
        "tokenAmount": 1495.552547,
        "tokenSymbol": "ASTRO",
        "txhash": "C49915B41483DB1384D6C917A7690311656FFA05D68ABB533727015AE7031CA9",
        "type": "SELL",
        "value": 10738.449178,
        "wallet": "terra1ydeh9exz82qrzw82ycjr6n462u5ldt8m8qt4rh"
      },
      {
        "amount": 1467.933489,
        "baseAmount": 10772.400587,
        "baseSymbol": "CWLUNC",
        "executionType": "direct",
        "pairId": "astro-cwlunc",
        "price": 7.338480024962493,
        "sourceContract": "terra1nujm9zqa4hpaz9s8wrhrp86h3m9xwprjt9kmf9",
        "sourcePairId": "astro-cwlunc-ref-1",
        "sourceType": "reference",
        "timestamp": "2026-05-04T17:52:49Z",
        "tokenAmount": 1467.933489,
        "tokenSymbol": "ASTRO",
        "txhash": "EB34E10F08ECD67D1369303AD985CF555ED2D48B92450A59CC9C4D7A27BC4DAE",
        "type": "SELL",
        "value": 10772.400587,
        "wallet": "terra1ydeh9exz82qrzw82ycjr6n462u5ldt8m8qt4rh"
      },
      {
        "amount": 1467.778277,
        "baseAmount": 11008.988387,
        "baseSymbol": "CWLUNC",
        "executionType": "direct",
        "pairId": "astro-cwlunc",
        "price": 7.500443738342641,
        "sourceContract": "terra1nujm9zqa4hpaz9s8wrhrp86h3m9xwprjt9kmf9",
        "sourcePairId": "astro-cwlunc-ref-1",
        "sourceType": "reference",
        "timestamp": "2026-05-04T12:33:58Z",
        "tokenAmount": 1467.778277,
        "tokenSymbol": "ASTRO",
        "txhash": "5A9874F70A5A090B5C1049C56A0DD16C9B2773DF0F19FBBC80DA5EAB1B85779D",
        "type": "SELL",
        "value": 11008.988387,
        "wallet": "terra1ydeh9exz82qrzw82ycjr6n462u5ldt8m8qt4rh"
      },
      {
        "amount": 1227.075793,
        "baseAmount": 9391.830981,
        "baseSymbol": "CWLUNC",
        "executionType": "direct",
        "pairId": "astro-cwlunc",
        "price": 7.653831193294512,
        "sourceContract": "terra1nujm9zqa4hpaz9s8wrhrp86h3m9xwprjt9kmf9",
        "sourcePairId": "astro-cwlunc-ref-1",
        "sourceType": "reference",
        "timestamp": "2026-05-04T10:10:18Z",
        "tokenAmount": 1227.075793,
        "tokenSymbol": "ASTRO",
        "txhash": "5664149D2794F2AA85BEFFD0A8ED407A7CD042888960BBEFA993AB38F7878F1E",
        "type": "SELL",
        "value": 9391.830981,
        "wallet": "terra1ydeh9exz82qrzw82ycjr6n462u5ldt8m8qt4rh"
      },
      {
        "amount": 1422.380019,
        "baseAmount": 11107.896857,
        "baseSymbol": "CWLUNC",
        "executionType": "direct",
        "pairId": "astro-cwlunc",
        "price": 7.809373520874804,
        "sourceContract": "terra1nujm9zqa4hpaz9s8wrhrp86h3m9xwprjt9kmf9",
        "sourcePairId": "astro-cwlunc-ref-1",
        "sourceType": "reference",
        "timestamp": "2026-05-04T09:14:20Z",
        "tokenAmount": 1422.380019,
        "tokenSymbol": "ASTRO",
        "txhash": "DBCDE648EC80744CF8602A3C015837AFAE9B2E853474590648696E3CF6288F22",
        "type": "SELL",
        "value": 11107.896857,
        "wallet": "terra1ydeh9exz82qrzw82ycjr6n462u5ldt8m8qt4rh"
      },
      {
        "amount": 1210.070439,
        "baseAmount": 9522.115661,
        "baseSymbol": "CWLUNC",
        "executionType": "direct",
        "pairId": "astro-cwlunc",
        "price": 7.869058985416633,
        "sourceContract": "terra1nujm9zqa4hpaz9s8wrhrp86h3m9xwprjt9kmf9",
        "sourcePairId": "astro-cwlunc-ref-1",
        "sourceType": "reference",
        "timestamp": "2026-05-04T08:15:22Z",
        "tokenAmount": 1210.070439,
        "tokenSymbol": "ASTRO",
        "txhash": "6FDFAC6DF92484B2A0684EF377F11228AEA5A633733F28B8AC113A3C00D5EC03",
        "type": "BUY",
        "value": 9522.115661,
        "wallet": "terra1ydeh9exz82qrzw82ycjr6n462u5ldt8m8qt4rh"
      },
      {
        "amount": 1423.523988,
        "baseAmount": 10979.331601,
        "baseSymbol": "CWLUNC",
        "executionType": "direct",
        "pairId": "astro-cwlunc",
        "price": 7.712782990348878,
        "sourceContract": "terra1nujm9zqa4hpaz9s8wrhrp86h3m9xwprjt9kmf9",
        "sourcePairId": "astro-cwlunc-ref-1",
        "sourceType": "reference",
        "timestamp": "2026-05-04T08:11:12Z",
        "tokenAmount": 1423.523988,
        "tokenSymbol": "ASTRO",
        "txhash": "EFD7BF1EA9875BF64B8EEE4ABA6BEFEB822AD6A06D61C139B2EFED7285D9D9BB",
        "type": "BUY",
        "value": 10979.331601,
        "wallet": "terra1ydeh9exz82qrzw82ycjr6n462u5ldt8m8qt4rh"
      },
      {
        "amount": 1316.38036,
        "baseAmount": 10083.37951,
        "baseSymbol": "CWLUNC",
        "executionType": "direct",
        "pairId": "astro-cwlunc",
        "price": 7.659928555907656,
        "sourceContract": "terra1nujm9zqa4hpaz9s8wrhrp86h3m9xwprjt9kmf9",
        "sourcePairId": "astro-cwlunc-ref-1",
        "sourceType": "reference",
        "timestamp": "2026-05-03T00:43:47Z",
        "tokenAmount": 1316.38036,
        "tokenSymbol": "ASTRO",
        "txhash": "8C2850BC981775079B60DBE2BB49DE9ACC0AB2097F6D3DE4FA997640904EEE82",
        "type": "SELL",
        "value": 10083.37951,
        "wallet": "terra1ydeh9exz82qrzw82ycjr6n462u5ldt8m8qt4rh"
      },
      {
        "amount": 1328.048065,
        "baseAmount": 10379.120864,
        "baseSymbol": "CWLUNC",
        "executionType": "direct",
        "pairId": "astro-cwlunc",
        "price": 7.81532019626112,
        "sourceContract": "terra1nujm9zqa4hpaz9s8wrhrp86h3m9xwprjt9kmf9",
        "sourcePairId": "astro-cwlunc-ref-1",
        "sourceType": "reference",
        "timestamp": "2026-05-03T00:06:34Z",
        "tokenAmount": 1328.048065,
        "tokenSymbol": "ASTRO",
        "txhash": "2B6E9DF2B4F77BDF2563710C377AF5DF5A7FAF44FD187751FCBFA26450636D23",
        "type": "SELL",
        "value": 10379.120864,
        "wallet": "terra1ydeh9exz82qrzw82ycjr6n462u5ldt8m8qt4rh"
      },
      {
        "amount": 1415.858272,
        "baseAmount": 11300.859266,
        "baseSymbol": "CWLUNC",
        "executionType": "direct",
        "pairId": "astro-cwlunc",
        "price": 7.981631699645146,
        "sourceContract": "terra1nujm9zqa4hpaz9s8wrhrp86h3m9xwprjt9kmf9",
        "sourcePairId": "astro-cwlunc-ref-1",
        "sourceType": "reference",
        "timestamp": "2026-05-02T21:35:29Z",
        "tokenAmount": 1415.858272,
        "tokenSymbol": "ASTRO",
        "txhash": "C8ED16D29861BB6FA36303797F341E2A4D7C19B5DFADB1D42E295485A8953DDA",
        "type": "SELL",
        "value": 11300.859266,
        "wallet": "terra1ydeh9exz82qrzw82ycjr6n462u5ldt8m8qt4rh"
      },
      {
        "amount": 384.053357,
        "baseAmount": 3108.316946,
        "baseSymbol": "CWLUNC",
        "executionType": "direct",
        "pairId": "astro-cwlunc",
        "price": 8.093450791005584,
        "sourceContract": "terra1nujm9zqa4hpaz9s8wrhrp86h3m9xwprjt9kmf9",
        "sourcePairId": "astro-cwlunc-ref-1",
        "sourceType": "reference",
        "timestamp": "2026-05-02T20:24:19Z",
        "tokenAmount": 384.053357,
        "tokenSymbol": "ASTRO",
        "txhash": "C497D7ABBA8317C7A6178E40BC309F2A423D2D809C5345E129BD4DA0C78E038C",
        "type": "SELL",
        "value": 3108.316946,
        "wallet": "terra1zafpjz7h4x9cd8n5rf9lxz7tru352taxtl8jeu"
      },
      {
        "amount": 1183.075844,
        "baseAmount": 9573.401759,
        "baseSymbol": "CWLUNC",
        "executionType": "direct",
        "pairId": "astro-cwlunc",
        "price": 8.091959452601248,
        "sourceContract": "terra1nujm9zqa4hpaz9s8wrhrp86h3m9xwprjt9kmf9",
        "sourcePairId": "astro-cwlunc-ref-1",
        "sourceType": "reference",
        "timestamp": "2026-05-02T15:16:44Z",
        "tokenAmount": 1183.075844,
        "tokenSymbol": "ASTRO",
        "txhash": "AE71E63C4A7D82DFCB9382173C407EE5D5A74594C07B43D129F0323AE0620C84",
        "type": "BUY",
        "value": 9573.401759,
        "wallet": "terra1ydeh9exz82qrzw82ycjr6n462u5ldt8m8qt4rh"
      },
      {
        "amount": 286.811595,
        "baseAmount": 1500.0,
        "baseSymbol": "CWLUNC",
        "executionType": "direct",
        "pairId": "astro-cwlunc",
        "price": 5.229914083494427,
        "sourceContract": "terra1udqrxagr6tu0snr89hcyntj3zm0tjra3pslalsvyq6aczmr7aqtsfyyv48",
        "sourcePairId": "astro-cwlunc",
        "sourceType": "primary",
        "timestamp": "2026-05-02T01:04:01Z",
        "tokenAmount": 286.811595,
        "tokenSymbol": "ASTRO",
        "txhash": "3A0794DB72932B4DF690E86D06ACE4CF79D80A436CFBCB7336CF52ACB06A9387",
        "type": "BUY",
        "value": 1500.0,
        "wallet": "terra1nynrxdccq0r9ghrz0sq7tjkkh8wug0ggg4lkzsags8r9dyhf7ypqx5gsr8"
      },
      {
        "amount": 349.809,
        "baseAmount": 2790.120114,
        "baseSymbol": "CWLUNC",
        "executionType": "direct",
        "pairId": "astro-cwlunc",
        "price": 7.976124439336894,
        "sourceContract": "terra1udqrxagr6tu0snr89hcyntj3zm0tjra3pslalsvyq6aczmr7aqtsfyyv48",
        "sourcePairId": "astro-cwlunc",
        "sourceType": "primary",
        "timestamp": "2026-04-30T02:37:34Z",
        "tokenAmount": 349.809,
        "tokenSymbol": "ASTRO",
        "txhash": "957A091D57827B3D8CD4CB2CDE83B3B4B329CAA9DABF0F7A2584164897B6AD36",
        "type": "SELL",
        "value": 2790.120114,
        "wallet": "terra1nynrxdccq0r9ghrz0sq7tjkkh8wug0ggg4lkzsags8r9dyhf7ypqx5gsr8"
      },
      {
        "amount": 1390.910787,
        "baseAmount": 11205.345265,
        "baseSymbol": "CWLUNC",
        "executionType": "direct",
        "pairId": "astro-cwlunc",
        "price": 8.056120758951307,
        "sourceContract": "terra1nujm9zqa4hpaz9s8wrhrp86h3m9xwprjt9kmf9",
        "sourcePairId": "astro-cwlunc-ref-1",
        "sourceType": "reference",
        "timestamp": "2026-04-30T01:27:39Z",
        "tokenAmount": 1390.910787,
        "tokenSymbol": "ASTRO",
        "txhash": "943BA77595210E4037A3EFF4CBA6A7539BB0068C68F07FAB8CA8ED791EBEC06A",
        "type": "SELL",
        "value": 11205.345265,
        "wallet": "terra1ydeh9exz82qrzw82ycjr6n462u5ldt8m8qt4rh"
      },
      {
        "amount": 139.169707,
        "baseAmount": 321.0,
        "baseSymbol": "CWLUNC",
        "executionType": "direct",
        "pairId": "astro-cwlunc",
        "price": 2.306536436122554,
        "sourceContract": "terra1udqrxagr6tu0snr89hcyntj3zm0tjra3pslalsvyq6aczmr7aqtsfyyv48",
        "sourcePairId": "astro-cwlunc",
        "sourceType": "primary",
        "timestamp": "2026-04-29T23:47:00Z",
        "tokenAmount": 139.169707,
        "tokenSymbol": "ASTRO",
        "txhash": "6E12396D80A17D1ABE545FEF6BF64324946D3F7D8BD2EF9DF0C5D43DEC1B157D",
        "type": "BUY",
        "value": 321.0,
        "wallet": "terra1nynrxdccq0r9ghrz0sq7tjkkh8wug0ggg4lkzsags8r9dyhf7ypqx5gsr8"
      },
      {
        "amount": 210.639991,
        "baseAmount": 907.214121,
        "baseSymbol": "CWLUNC",
        "executionType": "direct",
        "pairId": "astro-cwlunc",
        "price": 4.306941510456103,
        "sourceContract": "terra1udqrxagr6tu0snr89hcyntj3zm0tjra3pslalsvyq6aczmr7aqtsfyyv48",
        "sourcePairId": "astro-cwlunc",
        "sourceType": "primary",
        "timestamp": "2026-04-29T03:23:31Z",
        "tokenAmount": 210.639991,
        "tokenSymbol": "ASTRO",
        "txhash": "0708252269F1C2D8FC582C5255CB0884E99569972ACEC3E10D468C436E425322",
        "type": "BUY",
        "value": 907.214121,
        "wallet": "terra1nynrxdccq0r9ghrz0sq7tjkkh8wug0ggg4lkzsags8r9dyhf7ypqx5gsr8"
      },
      {
        "amount": 1351.632304,
        "baseAmount": 11124.073086,
        "baseSymbol": "CWLUNC",
        "executionType": "direct",
        "pairId": "astro-cwlunc",
        "price": 8.230103004404073,
        "sourceContract": "terra1nujm9zqa4hpaz9s8wrhrp86h3m9xwprjt9kmf9",
        "sourcePairId": "astro-cwlunc-ref-1",
        "sourceType": "reference",
        "timestamp": "2026-04-28T07:06:14Z",
        "tokenAmount": 1351.632304,
        "tokenSymbol": "ASTRO",
        "txhash": "E91791D43475C5EDA16F2764B1E48C5F95EA3CAA16851DB98BB696AE6455001C",
        "type": "SELL",
        "value": 11124.073086,
        "wallet": "terra1ydeh9exz82qrzw82ycjr6n462u5ldt8m8qt4rh"
      },
      {
        "amount": 1351.596222,
        "baseAmount": 11363.110985,
        "baseSymbol": "CWLUNC",
        "executionType": "direct",
        "pairId": "astro-cwlunc",
        "price": 8.407178712134636,
        "sourceContract": "terra1nujm9zqa4hpaz9s8wrhrp86h3m9xwprjt9kmf9",
        "sourcePairId": "astro-cwlunc-ref-1",
        "sourceType": "reference",
        "timestamp": "2026-04-28T00:44:53Z",
        "tokenAmount": 1351.596222,
        "tokenSymbol": "ASTRO",
        "txhash": "870136E3C2658535875A670C29F019A69BDA3D219B4389B8ADE8C796010819BA",
        "type": "SELL",
        "value": 11363.110985,
        "wallet": "terra1ydeh9exz82qrzw82ycjr6n462u5ldt8m8qt4rh"
      },
      {
        "amount": 1299.02133,
        "baseAmount": 11153.919894,
        "baseSymbol": "CWLUNC",
        "executionType": "direct",
        "pairId": "astro-cwlunc",
        "price": 8.586402421890948,
        "sourceContract": "terra1nujm9zqa4hpaz9s8wrhrp86h3m9xwprjt9kmf9",
        "sourcePairId": "astro-cwlunc-ref-1",
        "sourceType": "reference",
        "timestamp": "2026-04-27T23:24:12Z",
        "tokenAmount": 1299.02133,
        "tokenSymbol": "ASTRO",
        "txhash": "2B0FD4B6595942FD3C1CA3ACF3E56B5EB82DC9038875C75CC2EE62095DA0A6D9",
        "type": "SELL",
        "value": 11153.919894,
        "wallet": "terra1ydeh9exz82qrzw82ycjr6n462u5ldt8m8qt4rh"
      },
      {
        "amount": 1308.136689,
        "baseAmount": 11470.210263,
        "baseSymbol": "CWLUNC",
        "executionType": "direct",
        "pairId": "astro-cwlunc",
        "price": 8.7683575878973,
        "sourceContract": "terra1nujm9zqa4hpaz9s8wrhrp86h3m9xwprjt9kmf9",
        "sourcePairId": "astro-cwlunc-ref-1",
        "sourceType": "reference",
        "timestamp": "2026-04-27T20:46:24Z",
        "tokenAmount": 1308.136689,
        "tokenSymbol": "ASTRO",
        "txhash": "6E6B0CD84AB9CC31929F699935E68A6EAE8A45EFE8E411B4EEEF2B2ABB6D8F9D",
        "type": "SELL",
        "value": 11470.210263,
        "wallet": "terra1ydeh9exz82qrzw82ycjr6n462u5ldt8m8qt4rh"
      },
      {
        "amount": 1288.884416,
        "baseAmount": 11542.488069,
        "baseSymbol": "CWLUNC",
        "executionType": "direct",
        "pairId": "astro-cwlunc",
        "price": 8.955409752584051,
        "sourceContract": "terra1nujm9zqa4hpaz9s8wrhrp86h3m9xwprjt9kmf9",
        "sourcePairId": "astro-cwlunc-ref-1",
        "sourceType": "reference",
        "timestamp": "2026-04-27T08:29:12Z",
        "tokenAmount": 1288.884416,
        "tokenSymbol": "ASTRO",
        "txhash": "0F842F14E393CFE019FC52A59F96108BF6FDA9B0AC73944B1C01557287E8666F",
        "type": "SELL",
        "value": 11542.488069,
        "wallet": "terra1ydeh9exz82qrzw82ycjr6n462u5ldt8m8qt4rh"
      },
      {
        "amount": 1247.735835,
        "baseAmount": 11409.227916,
        "baseSymbol": "CWLUNC",
        "executionType": "direct",
        "pairId": "astro-cwlunc",
        "price": 9.143945053080888,
        "sourceContract": "terra1nujm9zqa4hpaz9s8wrhrp86h3m9xwprjt9kmf9",
        "sourcePairId": "astro-cwlunc-ref-1",
        "sourceType": "reference",
        "timestamp": "2026-04-27T06:47:23Z",
        "tokenAmount": 1247.735835,
        "tokenSymbol": "ASTRO",
        "txhash": "267BD8EE63DA4F62969E56C9629C31E2D9FA4400FE9EE32F6866E0941B4BFA27",
        "type": "SELL",
        "value": 11409.227916,
        "wallet": "terra1ydeh9exz82qrzw82ycjr6n462u5ldt8m8qt4rh"
      },
      {
        "amount": 113.232296,
        "baseAmount": 123.0,
        "baseSymbol": "CWLUNC",
        "executionType": "direct",
        "pairId": "astro-cwlunc",
        "price": 1.08626252707973,
        "sourceContract": "terra1udqrxagr6tu0snr89hcyntj3zm0tjra3pslalsvyq6aczmr7aqtsfyyv48",
        "sourcePairId": "astro-cwlunc",
        "sourceType": "primary",
        "timestamp": "2026-04-27T01:15:44Z",
        "tokenAmount": 113.232296,
        "tokenSymbol": "ASTRO",
        "txhash": "6EDF3DBF10E9766C278157A5432CABC7BE877E3DA8B9892BD272F8CB52926C8D",
        "type": "BUY",
        "value": 123.0,
        "wallet": "terra1nynrxdccq0r9ghrz0sq7tjkkh8wug0ggg4lkzsags8r9dyhf7ypqx5gsr8"
      },
      {
        "amount": 1249.074569,
        "baseAmount": 11660.62572,
        "baseSymbol": "CWLUNC",
        "executionType": "direct",
        "pairId": "astro-cwlunc",
        "price": 9.335411999729857,
        "sourceContract": "terra1nujm9zqa4hpaz9s8wrhrp86h3m9xwprjt9kmf9",
        "sourcePairId": "astro-cwlunc-ref-1",
        "sourceType": "reference",
        "timestamp": "2026-04-26T23:02:42Z",
        "tokenAmount": 1249.074569,
        "tokenSymbol": "ASTRO",
        "txhash": "A24278F798C2654558D84A0840FACECBAFF3DC05BF68F0F1D07EF7A08EA28291",
        "type": "SELL",
        "value": 11660.62572,
        "wallet": "terra1ydeh9exz82qrzw82ycjr6n462u5ldt8m8qt4rh"
      },
      {
        "amount": 1230.208235,
        "baseAmount": 11725.782723,
        "baseSymbol": "CWLUNC",
        "executionType": "direct",
        "pairId": "astro-cwlunc",
        "price": 9.531543026128418,
        "sourceContract": "terra1nujm9zqa4hpaz9s8wrhrp86h3m9xwprjt9kmf9",
        "sourcePairId": "astro-cwlunc-ref-1",
        "sourceType": "reference",
        "timestamp": "2026-04-26T22:12:23Z",
        "tokenAmount": 1230.208235,
        "tokenSymbol": "ASTRO",
        "txhash": "BAF956DE0BD206A32C5FF8100AD5117C2EEDA857C55324546D09E2AA94AD2E40",
        "type": "SELL",
        "value": 11725.782723,
        "wallet": "terra1ydeh9exz82qrzw82ycjr6n462u5ldt8m8qt4rh"
      },
      {
        "amount": 1210.007849,
        "baseAmount": 11774.203227,
        "baseSymbol": "CWLUNC",
        "executionType": "direct",
        "pairId": "astro-cwlunc",
        "price": 9.730683347823472,
        "sourceContract": "terra1nujm9zqa4hpaz9s8wrhrp86h3m9xwprjt9kmf9",
        "sourcePairId": "astro-cwlunc-ref-1",
        "sourceType": "reference",
        "timestamp": "2026-04-26T20:44:23Z",
        "tokenAmount": 1210.007849,
        "tokenSymbol": "ASTRO",
        "txhash": "DD5BF0B5D151A69852240786331DB1375EB7DBBE94E1E843D5C0145AEC643394",
        "type": "SELL",
        "value": 11774.203227,
        "wallet": "terra1ydeh9exz82qrzw82ycjr6n462u5ldt8m8qt4rh"
      },
      {
        "amount": 1192.443264,
        "baseAmount": 11844.425015,
        "baseSymbol": "CWLUNC",
        "executionType": "direct",
        "pairId": "astro-cwlunc",
        "price": 9.932904459763044,
        "sourceContract": "terra1nujm9zqa4hpaz9s8wrhrp86h3m9xwprjt9kmf9",
        "sourcePairId": "astro-cwlunc-ref-1",
        "sourceType": "reference",
        "timestamp": "2026-04-26T18:08:42Z",
        "tokenAmount": 1192.443264,
        "tokenSymbol": "ASTRO",
        "txhash": "42A9ACC7BC87F4834997138FC00B22A1D37BE3E3B5D4B0F4C25F7B6AB13B7846",
        "type": "SELL",
        "value": 11844.425015,
        "wallet": "terra1ydeh9exz82qrzw82ycjr6n462u5ldt8m8qt4rh"
      },
      {
        "amount": 1174.602033,
        "baseAmount": 11908.556879,
        "baseSymbol": "CWLUNC",
        "executionType": "direct",
        "pairId": "astro-cwlunc",
        "price": 10.138375845123369,
        "sourceContract": "terra1nujm9zqa4hpaz9s8wrhrp86h3m9xwprjt9kmf9",
        "sourcePairId": "astro-cwlunc-ref-1",
        "sourceType": "reference",
        "timestamp": "2026-04-25T22:25:57Z",
        "tokenAmount": 1174.602033,
        "tokenSymbol": "ASTRO",
        "txhash": "371C0C9AAD7F580E12FD09271332BB641C7F8AF2393B5138AFECFBF782462DD2",
        "type": "SELL",
        "value": 11908.556879,
        "wallet": "terra1ydeh9exz82qrzw82ycjr6n462u5ldt8m8qt4rh"
      },
      {
        "amount": 1152.286045,
        "baseAmount": 11922.288241,
        "baseSymbol": "CWLUNC",
        "executionType": "direct",
        "pairId": "astro-cwlunc",
        "price": 10.34663944142446,
        "sourceContract": "terra1nujm9zqa4hpaz9s8wrhrp86h3m9xwprjt9kmf9",
        "sourcePairId": "astro-cwlunc-ref-1",
        "sourceType": "reference",
        "timestamp": "2026-04-24T01:48:49Z",
        "tokenAmount": 1152.286045,
        "tokenSymbol": "ASTRO",
        "txhash": "FF54F44C818F758EBFB03FC3515A4940E66FAEBCCB4AD26131436D9046D4D24D",
        "type": "SELL",
        "value": 11922.288241,
        "wallet": "terra1ydeh9exz82qrzw82ycjr6n462u5ldt8m8qt4rh"
      },
      {
        "amount": 1138.843583,
        "baseAmount": 12023.958115,
        "baseSymbol": "CWLUNC",
        "executionType": "direct",
        "pairId": "astro-cwlunc",
        "price": 10.558041766654094,
        "sourceContract": "terra1nujm9zqa4hpaz9s8wrhrp86h3m9xwprjt9kmf9",
        "sourcePairId": "astro-cwlunc-ref-1",
        "sourceType": "reference",
        "timestamp": "2026-04-23T23:42:13Z",
        "tokenAmount": 1138.843583,
        "tokenSymbol": "ASTRO",
        "txhash": "EA8957C9410F74D7D856BE585CC458700C580920ED46C88B492884F14C2ED088",
        "type": "SELL",
        "value": 12023.958115,
        "wallet": "terra1ydeh9exz82qrzw82ycjr6n462u5ldt8m8qt4rh"
      },
      {
        "amount": 1104.715928,
        "baseAmount": 11737.359849,
        "baseSymbol": "CWLUNC",
        "executionType": "direct",
        "pairId": "astro-cwlunc",
        "price": 10.62477651630275,
        "sourceContract": "terra1nujm9zqa4hpaz9s8wrhrp86h3m9xwprjt9kmf9",
        "sourcePairId": "astro-cwlunc-ref-1",
        "sourceType": "reference",
        "timestamp": "2026-04-15T14:44:07Z",
        "tokenAmount": 1104.715928,
        "tokenSymbol": "ASTRO",
        "txhash": "BEAD3303DBD8C6F00ECC94D5047C6D6144EB1B339731FA402EEC6BBAAB953C36",
        "type": "BUY",
        "value": 11737.359849,
        "wallet": "terra1ydeh9exz82qrzw82ycjr6n462u5ldt8m8qt4rh"
      },
      {
        "amount": 236.0454,
        "baseAmount": 2473.63845,
        "baseSymbol": "CWLUNC",
        "executionType": "direct",
        "pairId": "astro-cwlunc",
        "price": 10.479502883767275,
        "sourceContract": "terra1nujm9zqa4hpaz9s8wrhrp86h3m9xwprjt9kmf9",
        "sourcePairId": "astro-cwlunc-ref-1",
        "sourceType": "reference",
        "timestamp": "2026-04-14T16:42:09Z",
        "tokenAmount": 236.0454,
        "tokenSymbol": "ASTRO",
        "txhash": "0907859B7EBF6A20B4A6743F1E7F6E818CC2A349F96534CCE32353C726A634F4",
        "type": "SELL",
        "value": 2473.63845,
        "wallet": "terra1ydeh9exz82qrzw82ycjr6n462u5ldt8m8qt4rh"
      },
      {
        "amount": 1138.785328,
        "baseAmount": 12080.475313,
        "baseSymbol": "CWLUNC",
        "executionType": "direct",
        "pairId": "astro-cwlunc",
        "price": 10.608211236982148,
        "sourceContract": "terra1nujm9zqa4hpaz9s8wrhrp86h3m9xwprjt9kmf9",
        "sourcePairId": "astro-cwlunc-ref-1",
        "sourceType": "reference",
        "timestamp": "2026-04-14T03:42:55Z",
        "tokenAmount": 1138.785328,
        "tokenSymbol": "ASTRO",
        "txhash": "5657B5C498D5D2CD5D346966A3E6978FBD9D774D5F53C0D78CE2194A393720FF",
        "type": "SELL",
        "value": 12080.475313,
        "wallet": "terra1ydeh9exz82qrzw82ycjr6n462u5ldt8m8qt4rh"
      },
      {
        "amount": 92.772429,
        "baseAmount": 1000.0,
        "baseSymbol": "CWLUNC",
        "executionType": "direct",
        "pairId": "astro-cwlunc",
        "price": 10.779064542979683,
        "sourceContract": "terra1udqrxagr6tu0snr89hcyntj3zm0tjra3pslalsvyq6aczmr7aqtsfyyv48",
        "sourcePairId": "astro-cwlunc",
        "sourceType": "primary",
        "timestamp": "2026-04-13T19:57:18Z",
        "tokenAmount": 92.772429,
        "tokenSymbol": "ASTRO",
        "txhash": "8C969AF1FBBD6C332F882D67D20CF97C1288F51CA4ECC2827C70AE6266F0EE8E",
        "type": "BUY",
        "value": 1000.0,
        "wallet": "terra1ypxlst5h5e4d64zun5nw8j9xzmghuemflu7m5h"
      },
      {
        "amount": 158.615229,
        "baseAmount": 1710.734601,
        "baseSymbol": "CWLUNC",
        "executionType": "direct",
        "pairId": "astro-cwlunc",
        "price": 10.785437260882434,
        "sourceContract": "terra1udqrxagr6tu0snr89hcyntj3zm0tjra3pslalsvyq6aczmr7aqtsfyyv48",
        "sourcePairId": "astro-cwlunc",
        "sourceType": "primary",
        "timestamp": "2026-04-13T19:56:36Z",
        "tokenAmount": 158.615229,
        "tokenSymbol": "ASTRO",
        "txhash": "9B15978F01A8088EFF0D62DEE8AD8E611BDE4E0D9FF0900DB57DFDF0D369BEB6",
        "type": "BUY",
        "value": 1710.734601,
        "wallet": "terra1nynrxdccq0r9ghrz0sq7tjkkh8wug0ggg4lkzsags8r9dyhf7ypqx5gsr8"
      },
      {
        "amount": 92.772429,
        "baseAmount": 1000.0,
        "baseSymbol": "CWLUNC",
        "executionType": "direct",
        "pairId": "astro-cwlunc",
        "price": 10.779064542979683,
        "sourceContract": "terra1udqrxagr6tu0snr89hcyntj3zm0tjra3pslalsvyq6aczmr7aqtsfyyv48",
        "sourcePairId": "astro-cwlunc",
        "sourceType": "primary",
        "timestamp": "2026-04-13T19:29:14Z",
        "tokenAmount": 92.772429,
        "tokenSymbol": "ASTRO",
        "txhash": "E59103C49A461357462337BE981CDC9EA532852C15CAE6481C2A7528C756F1AE",
        "type": "BUY",
        "value": 1000.0,
        "wallet": "terra1ypxlst5h5e4d64zun5nw8j9xzmghuemflu7m5h"
      },
      {
        "amount": 1112.749559,
        "baseAmount": 12044.260627,
        "baseSymbol": "CWLUNC",
        "executionType": "direct",
        "pairId": "astro-cwlunc",
        "price": 10.823873646666616,
        "sourceContract": "terra1nujm9zqa4hpaz9s8wrhrp86h3m9xwprjt9kmf9",
        "sourcePairId": "astro-cwlunc-ref-1",
        "sourceType": "reference",
        "timestamp": "2026-04-13T12:06:27Z",
        "tokenAmount": 1112.749559,
        "tokenSymbol": "ASTRO",
        "txhash": "9162BBE309AF7BEDB2CD144BA7EB7728D635321BBC9C733FC633DDFD69ED457A",
        "type": "SELL",
        "value": 12044.260627,
        "wallet": "terra1ydeh9exz82qrzw82ycjr6n462u5ldt8m8qt4rh"
      },
      {
        "amount": 1079.846665,
        "baseAmount": 11921.802129,
        "baseSymbol": "CWLUNC",
        "executionType": "direct",
        "pairId": "astro-cwlunc",
        "price": 11.04027313822375,
        "sourceContract": "terra1nujm9zqa4hpaz9s8wrhrp86h3m9xwprjt9kmf9",
        "sourcePairId": "astro-cwlunc-ref-1",
        "sourceType": "reference",
        "timestamp": "2026-04-12T11:08:22Z",
        "tokenAmount": 1079.846665,
        "tokenSymbol": "ASTRO",
        "txhash": "84F872DE9B8E89A49E34B5330C2759C1C7FBEE735DD942D33E9DD7634A4CC4E9",
        "type": "SELL",
        "value": 11921.802129,
        "wallet": "terra1ydeh9exz82qrzw82ycjr6n462u5ldt8m8qt4rh"
      }
    ],
    "astro-cwustc": [
      {
        "amount": 15.0,
        "baseAmount": 158.615229,
        "baseSymbol": "CWUSTC",
        "executionType": "routed",
        "pairId": "astro-cwustc",
        "price": 10.5743486,
        "sourceContract": "terra1nynrxdccq0r9ghrz0sq7tjkkh8wug0ggg4lkzsags8r9dyhf7ypqx5gsr8",
        "sourcePairId": "astro-cwustc",
        "sourceType": "routed",
        "timestamp": "2026-04-13T19:56:36Z",
        "tokenAmount": 15.0,
        "tokenSymbol": "ASTRO",
        "txhash": "9B15978F01A8088EFF0D62DEE8AD8E611BDE4E0D9FF0900DB57DFDF0D369BEB6",
        "type": "SWAP",
        "value": 158.615229,
        "wallet": ""
      }
    ],
    "astro-lunc": [
      {
        "amount": 1500.0,
        "baseAmount": 286.811595,
        "baseSymbol": "LUNC",
        "executionType": "routed",
        "pairId": "astro-lunc",
        "price": 0.19120773000000002,
        "sourceContract": "terra1nynrxdccq0r9ghrz0sq7tjkkh8wug0ggg4lkzsags8r9dyhf7ypqx5gsr8",
        "sourcePairId": "astro-lunc",
        "sourceType": "routed",
        "timestamp": "2026-05-02T01:04:01Z",
        "tokenAmount": 1500.0,
        "tokenSymbol": "ASTRO",
        "txhash": "3A0794DB72932B4DF690E86D06ACE4CF79D80A436CFBCB7336CF52ACB06A9387",
        "type": "SWAP",
        "value": 286.811595,
        "wallet": ""
      },
      {
        "amount": 349.809,
        "baseAmount": 2762.288666,
        "baseSymbol": "LUNC",
        "executionType": "routed",
        "pairId": "astro-lunc",
        "price": 7.89656259844658,
        "sourceContract": "terra1nynrxdccq0r9ghrz0sq7tjkkh8wug0ggg4lkzsags8r9dyhf7ypqx5gsr8",
        "sourcePairId": "astro-lunc",
        "sourceType": "routed",
        "timestamp": "2026-04-30T02:37:34Z",
        "tokenAmount": 349.809,
        "tokenSymbol": "ASTRO",
        "txhash": "957A091D57827B3D8CD4CB2CDE83B3B4B329CAA9DABF0F7A2584164897B6AD36",
        "type": "SWAP",
        "value": 2762.288666,
        "wallet": ""
      },
      {
        "amount": 321.0,
        "baseAmount": 139.169707,
        "baseSymbol": "LUNC",
        "executionType": "routed",
        "pairId": "astro-lunc",
        "price": 0.4335504890965732,
        "sourceContract": "terra1nynrxdccq0r9ghrz0sq7tjkkh8wug0ggg4lkzsags8r9dyhf7ypqx5gsr8",
        "sourcePairId": "astro-lunc",
        "sourceType": "routed",
        "timestamp": "2026-04-29T23:47:00Z",
        "tokenAmount": 321.0,
        "tokenSymbol": "ASTRO",
        "txhash": "6E12396D80A17D1ABE545FEF6BF64324946D3F7D8BD2EF9DF0C5D43DEC1B157D",
        "type": "SWAP",
        "value": 139.169707,
        "wallet": ""
      },
      {
        "amount": 123.0,
        "baseAmount": 113.232296,
        "baseSymbol": "LUNC",
        "executionType": "routed",
        "pairId": "astro-lunc",
        "price": 0.9205877723577236,
        "sourceContract": "terra1nynrxdccq0r9ghrz0sq7tjkkh8wug0ggg4lkzsags8r9dyhf7ypqx5gsr8",
        "sourcePairId": "astro-lunc",
        "sourceType": "routed",
        "timestamp": "2026-04-27T01:15:44Z",
        "tokenAmount": 123.0,
        "tokenSymbol": "ASTRO",
        "txhash": "6EDF3DBF10E9766C278157A5432CABC7BE877E3DA8B9892BD272F8CB52926C8D",
        "type": "SWAP",
        "value": 113.232296,
        "wallet": ""
      }
    ],
    "astro-mdot": [],
    "astro-ustc": [
      {
        "amount": 506.638385,
        "baseAmount": 45.102681,
        "baseSymbol": "USTC",
        "executionType": "routed",
        "pairId": "astro-ustc",
        "price": 0.08902341854733331,
        "sourceContract": "terra1nynrxdccq0r9ghrz0sq7tjkkh8wug0ggg4lkzsags8r9dyhf7ypqx5gsr8",
        "sourcePairId": "astro-ustc",
        "sourceType": "routed",
        "timestamp": "2026-05-10T19:15:39Z",
        "tokenAmount": 506.638385,
        "tokenSymbol": "ASTRO",
        "txhash": "0E266C8F919D68561FBF3B1B4BC56C166343AEF86F181AC174E6EE84CF857FED",
        "type": "SWAP",
        "value": 45.102681,
        "wallet": ""
      },
      {
        "amount": 36.236339,
        "baseAmount": 506.638385,
        "baseSymbol": "USTC",
        "executionType": "routed",
        "pairId": "astro-ustc",
        "price": 13.981500311055154,
        "sourceContract": "terra1nynrxdccq0r9ghrz0sq7tjkkh8wug0ggg4lkzsags8r9dyhf7ypqx5gsr8",
        "sourcePairId": "astro-ustc",
        "sourceType": "routed",
        "timestamp": "2026-05-10T19:15:10Z",
        "tokenAmount": 36.236339,
        "tokenSymbol": "ASTRO",
        "txhash": "94798D0882E4E77846AE6D742A70320B4614594B35EA066CB10D5ABF03BF8BE1",
        "type": "SWAP",
        "value": 506.638385,
        "wallet": ""
      },
      {
        "amount": 10.0,
        "baseAmount": 210.639991,
        "baseSymbol": "ASTRO",
        "executionType": "routed",
        "pairId": "astro-ustc",
        "price": 21.0639991,
        "sourceContract": "terra1nynrxdccq0r9ghrz0sq7tjkkh8wug0ggg4lkzsags8r9dyhf7ypqx5gsr8",
        "sourcePairId": "astro-ustc",
        "sourceType": "routed",
        "timestamp": "2026-04-29T03:23:31Z",
        "tokenAmount": 10.0,
        "tokenSymbol": "USTC",
        "txhash": "0708252269F1C2D8FC582C5255CB0884E99569972ACEC3E10D468C436E425322",
        "type": "SWAP",
        "value": 210.639991,
        "wallet": ""
      }
    ],
    "astro-wavax": [],
    "cwlunc-cwustc": [
      {
        "amount": 701.576349,
        "baseAmount": 7.254161,
        "baseSymbol": "CWUSTC",
        "executionType": "direct",
        "pairId": "cwlunc-cwustc",
        "price": 0.010339802660593964,
        "sourceContract": "terra1l7yt60npu2vj67v7qhdam3l7h0pejtsgysfjll2srqaxppt635pqqjh8hc",
        "sourcePairId": "cwlunc-cwustc",
        "sourceType": "primary",
        "timestamp": "2026-05-14T08:16:38Z",
        "tokenAmount": 701.576349,
        "tokenSymbol": "CWLUNC",
        "txhash": "DD4F103CE97BFF875E05D525072416BFA4E4589E82164CBBE4023F7377A04912",
        "type": "BUY",
        "value": 7.254161,
        "wallet": "terra1nynrxdccq0r9ghrz0sq7tjkkh8wug0ggg4lkzsags8r9dyhf7ypqx5gsr8"
      },
      {
        "amount": 147816.704432,
        "baseAmount": 1787.310098,
        "baseSymbol": "CWUSTC",
        "executionType": "direct",
        "pairId": "cwlunc-cwustc",
        "price": 0.012091394574570662,
        "sourceContract": "terra1m6ywlgn6wrjuagcmmezzz2a029gtldhey5k552",
        "sourcePairId": "cwlunc-cwustc-ref-2",
        "sourceType": "reference",
        "timestamp": "2026-05-14T07:27:56Z",
        "tokenAmount": 147816.704432,
        "tokenSymbol": "CWLUNC",
        "txhash": "F1D7F45581D832A4B277DEB6200EE04711825BCDFBCDC7E1BBF3EAB3E59A0C75",
        "type": "BUY",
        "value": 1787.310098,
        "wallet": "terra1ak9s7ugpaurevr7myydqa6yae7856wf3089neh"
      },
      {
        "amount": 147666.253395,
        "baseAmount": 1787.310098,
        "baseSymbol": "CWUSTC",
        "executionType": "direct",
        "pairId": "cwlunc-cwustc",
        "price": 0.012103713996311891,
        "sourceContract": "terra1l7vy20x940je7lskm6x9s839vjsmekz9k9mv7g",
        "sourcePairId": "cwlunc-cwustc-ref-1",
        "sourceType": "reference",
        "timestamp": "2026-05-14T07:27:50Z",
        "tokenAmount": 147666.253395,
        "tokenSymbol": "CWLUNC",
        "txhash": "BCD24BB5E32455D5781044C7B802842F068C50466F6D49460312FF5D2157642B",
        "type": "BUY",
        "value": 1787.310098,
        "wallet": "terra1ak9s7ugpaurevr7myydqa6yae7856wf3089neh"
      },
      {
        "amount": 147858.313479,
        "baseAmount": 1787.310098,
        "baseSymbol": "CWUSTC",
        "executionType": "direct",
        "pairId": "cwlunc-cwustc",
        "price": 0.012087991915678435,
        "sourceContract": "terra1l7vy20x940je7lskm6x9s839vjsmekz9k9mv7g",
        "sourcePairId": "cwlunc-cwustc-ref-1",
        "sourceType": "reference",
        "timestamp": "2026-05-14T07:27:44Z",
        "tokenAmount": 147858.313479,
        "tokenSymbol": "CWLUNC",
        "txhash": "E3DE1B2DE7E0C69D27F5F9A6BB5756782E77A108290030DAB35D0CEAA3AF790E",
        "type": "BUY",
        "value": 1787.310098,
        "wallet": "terra1ak9s7ugpaurevr7myydqa6yae7856wf3089neh"
      },
      {
        "amount": 147901.49355,
        "baseAmount": 1787.310098,
        "baseSymbol": "CWUSTC",
        "executionType": "direct",
        "pairId": "cwlunc-cwustc",
        "price": 0.012084462807644174,
        "sourceContract": "terra1m6ywlgn6wrjuagcmmezzz2a029gtldhey5k552",
        "sourcePairId": "cwlunc-cwustc-ref-2",
        "sourceType": "reference",
        "timestamp": "2026-05-14T07:26:45Z",
        "tokenAmount": 147901.49355,
        "tokenSymbol": "CWLUNC",
        "txhash": "03BF4C0AF893BDE36F3A02BD8658CC0707570C8306198279E43FFA9D04FF3801",
        "type": "BUY",
        "value": 1787.310098,
        "wallet": "terra1ak9s7ugpaurevr7myydqa6yae7856wf3089neh"
      },
      {
        "amount": 147986.355669,
        "baseAmount": 1787.310098,
        "baseSymbol": "CWUSTC",
        "executionType": "direct",
        "pairId": "cwlunc-cwustc",
        "price": 0.012077533026069398,
        "sourceContract": "terra1m6ywlgn6wrjuagcmmezzz2a029gtldhey5k552",
        "sourcePairId": "cwlunc-cwustc-ref-2",
        "sourceType": "reference",
        "timestamp": "2026-05-14T07:26:39Z",
        "tokenAmount": 147986.355669,
        "tokenSymbol": "CWLUNC",
        "txhash": "5A1D6B69C992A3BFB85E1C62A9FEDB40BAE8326B0C81E53540D1A851BCD2F34B",
        "type": "BUY",
        "value": 1787.310098,
        "wallet": "terra1ak9s7ugpaurevr7myydqa6yae7856wf3089neh"
      },
      {
        "amount": 148071.290869,
        "baseAmount": 1787.310098,
        "baseSymbol": "CWUSTC",
        "executionType": "direct",
        "pairId": "cwlunc-cwustc",
        "price": 0.012070605230160715,
        "sourceContract": "terra1m6ywlgn6wrjuagcmmezzz2a029gtldhey5k552",
        "sourcePairId": "cwlunc-cwustc-ref-2",
        "sourceType": "reference",
        "timestamp": "2026-05-14T07:26:33Z",
        "tokenAmount": 148071.290869,
        "tokenSymbol": "CWLUNC",
        "txhash": "74BC7AF0E9248CA332F88E5AAE10C0109E5599A5F534B68FB950638016BA4D0B",
        "type": "BUY",
        "value": 1787.310098,
        "wallet": "terra1ak9s7ugpaurevr7myydqa6yae7856wf3089neh"
      },
      {
        "amount": 148222.548115,
        "baseAmount": 1788.109074,
        "baseSymbol": "CWUSTC",
        "executionType": "direct",
        "pairId": "cwlunc-cwustc",
        "price": 0.012063677873171341,
        "sourceContract": "terra1m6ywlgn6wrjuagcmmezzz2a029gtldhey5k552",
        "sourcePairId": "cwlunc-cwustc-ref-2",
        "sourceType": "reference",
        "timestamp": "2026-05-14T07:18:08Z",
        "tokenAmount": 148222.548115,
        "tokenSymbol": "CWLUNC",
        "txhash": "8FE07A92B8988B9A4C31B30C07B318F5C7F297DE53D9A6D7E6996CEC7D2E308F",
        "type": "BUY",
        "value": 1788.109074,
        "wallet": "terra1ak9s7ugpaurevr7myydqa6yae7856wf3089neh"
      },
      {
        "amount": 148307.705851,
        "baseAmount": 1788.109074,
        "baseSymbol": "CWUSTC",
        "executionType": "direct",
        "pairId": "cwlunc-cwustc",
        "price": 0.012056750953969013,
        "sourceContract": "terra1m6ywlgn6wrjuagcmmezzz2a029gtldhey5k552",
        "sourcePairId": "cwlunc-cwustc-ref-2",
        "sourceType": "reference",
        "timestamp": "2026-05-14T07:17:39Z",
        "tokenAmount": 148307.705851,
        "tokenSymbol": "CWLUNC",
        "txhash": "CB08D2BD1F76CF77E496A0494453195940911A4D228072E6A79FB680F0481E70",
        "type": "BUY",
        "value": 1788.109074,
        "wallet": "terra1ak9s7ugpaurevr7myydqa6yae7856wf3089neh"
      },
      {
        "amount": 148392.93702,
        "baseAmount": 1788.109074,
        "baseSymbol": "CWUSTC",
        "executionType": "direct",
        "pairId": "cwlunc-cwustc",
        "price": 0.012049826022103756,
        "sourceContract": "terra1m6ywlgn6wrjuagcmmezzz2a029gtldhey5k552",
        "sourcePairId": "cwlunc-cwustc-ref-2",
        "sourceType": "reference",
        "timestamp": "2026-05-14T07:15:12Z",
        "tokenAmount": 148392.93702,
        "tokenSymbol": "CWLUNC",
        "txhash": "EFAAF063BFEF277D0572F986C51BE013364DB5260AF9BBFD2D13A253327134C1",
        "type": "BUY",
        "value": 1788.109074,
        "wallet": "terra1ak9s7ugpaurevr7myydqa6yae7856wf3089neh"
      },
      {
        "amount": 148478.241708,
        "baseAmount": 1788.109074,
        "baseSymbol": "CWUSTC",
        "executionType": "direct",
        "pairId": "cwlunc-cwustc",
        "price": 0.012042903077452437,
        "sourceContract": "terra1m6ywlgn6wrjuagcmmezzz2a029gtldhey5k552",
        "sourcePairId": "cwlunc-cwustc-ref-2",
        "sourceType": "reference",
        "timestamp": "2026-05-14T07:15:06Z",
        "tokenAmount": 148478.241708,
        "tokenSymbol": "CWLUNC",
        "txhash": "8DA7B4CA408290A6554A731358D43EC3413805D56AE5D3EF24BDFA07E6282289",
        "type": "BUY",
        "value": 1788.109074,
        "wallet": "terra1ak9s7ugpaurevr7myydqa6yae7856wf3089neh"
      },
      {
        "amount": 148116.97441,
        "baseAmount": 1788.109074,
        "baseSymbol": "CWUSTC",
        "executionType": "direct",
        "pairId": "cwlunc-cwustc",
        "price": 0.012072276530915131,
        "sourceContract": "terra1l7vy20x940je7lskm6x9s839vjsmekz9k9mv7g",
        "sourcePairId": "cwlunc-cwustc-ref-1",
        "sourceType": "reference",
        "timestamp": "2026-05-14T07:15:00Z",
        "tokenAmount": 148116.97441,
        "tokenSymbol": "CWLUNC",
        "txhash": "75844A22A369C4BC20F810974AD88E4544EA69FAFAD841C702267A6FF8184416",
        "type": "BUY",
        "value": 1788.109074,
        "wallet": "terra1ak9s7ugpaurevr7myydqa6yae7856wf3089neh"
      },
      {
        "amount": 148309.958327,
        "baseAmount": 1788.109074,
        "baseSymbol": "CWUSTC",
        "executionType": "direct",
        "pairId": "cwlunc-cwustc",
        "price": 0.012056567840559312,
        "sourceContract": "terra1l7vy20x940je7lskm6x9s839vjsmekz9k9mv7g",
        "sourcePairId": "cwlunc-cwustc-ref-1",
        "sourceType": "reference",
        "timestamp": "2026-05-14T07:14:55Z",
        "tokenAmount": 148309.958327,
        "tokenSymbol": "CWLUNC",
        "txhash": "87D5434B8CBE8785F6411C736D792844D05CE43CDBEC1997D7CC674A35A37CB0",
        "type": "BUY",
        "value": 1788.109074,
        "wallet": "terra1ak9s7ugpaurevr7myydqa6yae7856wf3089neh"
      },
      {
        "amount": 148503.319842,
        "baseAmount": 1788.109074,
        "baseSymbol": "CWUSTC",
        "executionType": "direct",
        "pairId": "cwlunc-cwustc",
        "price": 0.012040869361725094,
        "sourceContract": "terra1l7vy20x940je7lskm6x9s839vjsmekz9k9mv7g",
        "sourcePairId": "cwlunc-cwustc-ref-1",
        "sourceType": "reference",
        "timestamp": "2026-05-14T07:14:49Z",
        "tokenAmount": 148503.319842,
        "tokenSymbol": "CWLUNC",
        "txhash": "D109213A3847C4396550CD113512D851E1BB06C5503316942717E8244DE4848C",
        "type": "BUY",
        "value": 1788.109074,
        "wallet": "terra1ak9s7ugpaurevr7myydqa6yae7856wf3089neh"
      },
      {
        "amount": 2090.011356,
        "baseAmount": 23.874204,
        "baseSymbol": "CWUSTC",
        "executionType": "direct",
        "pairId": "cwlunc-cwustc",
        "price": 0.01142300204803289,
        "sourceContract": "terra1l7yt60npu2vj67v7qhdam3l7h0pejtsgysfjll2srqaxppt635pqqjh8hc",
        "sourcePairId": "cwlunc-cwustc",
        "sourceType": "primary",
        "timestamp": "2026-05-14T07:12:39Z",
        "tokenAmount": 2090.011356,
        "tokenSymbol": "CWLUNC",
        "txhash": "9FFD95BB1E983179C9CD90108D40B7F7D4F2B7352E090B27C880A70B1EB29635",
        "type": "BUY",
        "value": 23.874204,
        "wallet": "terra1nynrxdccq0r9ghrz0sq7tjkkh8wug0ggg4lkzsags8r9dyhf7ypqx5gsr8"
      },
      {
        "amount": 148497.218656,
        "baseAmount": 1787.310098,
        "baseSymbol": "CWUSTC",
        "executionType": "direct",
        "pairId": "cwlunc-cwustc",
        "price": 0.0120359836647202,
        "sourceContract": "terra1m6ywlgn6wrjuagcmmezzz2a029gtldhey5k552",
        "sourcePairId": "cwlunc-cwustc-ref-2",
        "sourceType": "reference",
        "timestamp": "2026-05-14T07:11:58Z",
        "tokenAmount": 148497.218656,
        "tokenSymbol": "CWLUNC",
        "txhash": "4EF47969A585E235FA5619EF991D05C487800A961C63EE744E01582824AEFAE0",
        "type": "BUY",
        "value": 1787.310098,
        "wallet": "terra1ak9s7ugpaurevr7myydqa6yae7856wf3089neh"
      },
      {
        "amount": 148582.594254,
        "baseAmount": 1787.310098,
        "baseSymbol": "CWUSTC",
        "executionType": "direct",
        "pairId": "cwlunc-cwustc",
        "price": 0.012029067785319569,
        "sourceContract": "terra1m6ywlgn6wrjuagcmmezzz2a029gtldhey5k552",
        "sourcePairId": "cwlunc-cwustc-ref-2",
        "sourceType": "reference",
        "timestamp": "2026-05-14T07:11:52Z",
        "tokenAmount": 148582.594254,
        "tokenSymbol": "CWLUNC",
        "txhash": "39FA2067AEC79098D50C289508600AB0D10D005D70F8B52CF89788D5F5DCB606",
        "type": "BUY",
        "value": 1787.310098,
        "wallet": "terra1ak9s7ugpaurevr7myydqa6yae7856wf3089neh"
      },
      {
        "amount": 148668.043524,
        "baseAmount": 1787.310098,
        "baseSymbol": "CWUSTC",
        "executionType": "direct",
        "pairId": "cwlunc-cwustc",
        "price": 0.012022153891542053,
        "sourceContract": "terra1m6ywlgn6wrjuagcmmezzz2a029gtldhey5k552",
        "sourcePairId": "cwlunc-cwustc-ref-2",
        "sourceType": "reference",
        "timestamp": "2026-05-14T07:11:47Z",
        "tokenAmount": 148668.043524,
        "tokenSymbol": "CWLUNC",
        "txhash": "DADBA77CC6132174A4D2523D1310A7E87DFEE073385EA93EABBB1CFA5C743423",
        "type": "BUY",
        "value": 1787.310098,
        "wallet": "terra1ak9s7ugpaurevr7myydqa6yae7856wf3089neh"
      },
      {
        "amount": 148630.574775,
        "baseAmount": 1787.310098,
        "baseSymbol": "CWUSTC",
        "executionType": "direct",
        "pairId": "cwlunc-cwustc",
        "price": 0.012025184594123158,
        "sourceContract": "terra1l7vy20x940je7lskm6x9s839vjsmekz9k9mv7g",
        "sourcePairId": "cwlunc-cwustc-ref-1",
        "sourceType": "reference",
        "timestamp": "2026-05-14T07:11:35Z",
        "tokenAmount": 148630.574775,
        "tokenSymbol": "CWLUNC",
        "txhash": "26BFEF8BF00FBF955066780F54760B5CFA17DB2AFC5DA987D9B8E74DDF562C3F",
        "type": "BUY",
        "value": 1787.310098,
        "wallet": "terra1ak9s7ugpaurevr7myydqa6yae7856wf3089neh"
      },
      {
        "amount": 148753.566553,
        "baseAmount": 1787.310098,
        "baseSymbol": "CWUSTC",
        "executionType": "direct",
        "pairId": "cwlunc-cwustc",
        "price": 0.012015241983211153,
        "sourceContract": "terra1m6ywlgn6wrjuagcmmezzz2a029gtldhey5k552",
        "sourcePairId": "cwlunc-cwustc-ref-2",
        "sourceType": "reference",
        "timestamp": "2026-05-14T07:11:06Z",
        "tokenAmount": 148753.566553,
        "tokenSymbol": "CWLUNC",
        "txhash": "F014286FAB7EF33CD533C63E601EF4E6CB163415078B37A884E5C5DE382F11FA",
        "type": "BUY",
        "value": 1787.310098,
        "wallet": "terra1ak9s7ugpaurevr7myydqa6yae7856wf3089neh"
      },
      {
        "amount": 148839.163426,
        "baseAmount": 1787.310098,
        "baseSymbol": "CWUSTC",
        "executionType": "direct",
        "pairId": "cwlunc-cwustc",
        "price": 0.012008332060322391,
        "sourceContract": "terra1m6ywlgn6wrjuagcmmezzz2a029gtldhey5k552",
        "sourcePairId": "cwlunc-cwustc-ref-2",
        "sourceType": "reference",
        "timestamp": "2026-05-14T07:11:00Z",
        "tokenAmount": 148839.163426,
        "tokenSymbol": "CWLUNC",
        "txhash": "F8DA48370E0EC42D3A67458FC974F986878CD08C92EA3EC90F33FD1C4C69D25E",
        "type": "BUY",
        "value": 1787.310098,
        "wallet": "terra1ak9s7ugpaurevr7myydqa6yae7856wf3089neh"
      },
      {
        "amount": 148846.704876,
        "baseAmount": 1787.576344,
        "baseSymbol": "CWUSTC",
        "executionType": "direct",
        "pairId": "cwlunc-cwustc",
        "price": 0.012009512373748412,
        "sourceContract": "terra1l7vy20x940je7lskm6x9s839vjsmekz9k9mv7g",
        "sourcePairId": "cwlunc-cwustc-ref-1",
        "sourceType": "reference",
        "timestamp": "2026-05-14T07:10:25Z",
        "tokenAmount": 148846.704876,
        "tokenSymbol": "CWLUNC",
        "txhash": "EB30DC647C9F12D3195EAC79E05D98AA50D95DA40A2FDDBFBD08C33B4AE35F45",
        "type": "BUY",
        "value": 1787.576344,
        "wallet": "terra1ak9s7ugpaurevr7myydqa6yae7856wf3089neh"
      },
      {
        "amount": 149018.875936,
        "baseAmount": 1787.310098,
        "baseSymbol": "CWUSTC",
        "executionType": "direct",
        "pairId": "cwlunc-cwustc",
        "price": 0.011993850354686654,
        "sourceContract": "terra1l7vy20x940je7lskm6x9s839vjsmekz9k9mv7g",
        "sourcePairId": "cwlunc-cwustc-ref-1",
        "sourceType": "reference",
        "timestamp": "2026-05-14T07:08:27Z",
        "tokenAmount": 149018.875936,
        "tokenSymbol": "CWLUNC",
        "txhash": "CCBE10F0FB75DA024DD5CAE8814F42168114FFA3989EE2FA119CD74E0F85F9A4",
        "type": "BUY",
        "value": 1787.310098,
        "wallet": "terra1ak9s7ugpaurevr7myydqa6yae7856wf3089neh"
      },
      {
        "amount": 148924.834226,
        "baseAmount": 1787.310098,
        "baseSymbol": "CWUSTC",
        "executionType": "direct",
        "pairId": "cwlunc-cwustc",
        "price": 0.012001424123042352,
        "sourceContract": "terra1m6ywlgn6wrjuagcmmezzz2a029gtldhey5k552",
        "sourcePairId": "cwlunc-cwustc-ref-2",
        "sourceType": "reference",
        "timestamp": "2026-05-14T07:07:58Z",
        "tokenAmount": 148924.834226,
        "tokenSymbol": "CWLUNC",
        "txhash": "5D7297EB5EDEFB1336ED0987CA6017989F79B7B889F5F05EAE32B850000CFA2F",
        "type": "BUY",
        "value": 1787.310098,
        "wallet": "terra1ak9s7ugpaurevr7myydqa6yae7856wf3089neh"
      },
      {
        "amount": 149010.57904,
        "baseAmount": 1787.310098,
        "baseSymbol": "CWUSTC",
        "executionType": "direct",
        "pairId": "cwlunc-cwustc",
        "price": 0.011994518171224737,
        "sourceContract": "terra1m6ywlgn6wrjuagcmmezzz2a029gtldhey5k552",
        "sourcePairId": "cwlunc-cwustc-ref-2",
        "sourceType": "reference",
        "timestamp": "2026-05-14T07:07:52Z",
        "tokenAmount": 149010.57904,
        "tokenSymbol": "CWLUNC",
        "txhash": "11563464939D996B1122F57A7A3313C023944CB6CB20EAE52D5AB6B61CE8B575",
        "type": "BUY",
        "value": 1787.310098,
        "wallet": "terra1ak9s7ugpaurevr7myydqa6yae7856wf3089neh"
      },
      {
        "amount": 149118.614432,
        "baseAmount": 1787.576344,
        "baseSymbol": "CWUSTC",
        "executionType": "direct",
        "pairId": "cwlunc-cwustc",
        "price": 0.01198761369134876,
        "sourceContract": "terra1m6ywlgn6wrjuagcmmezzz2a029gtldhey5k552",
        "sourcePairId": "cwlunc-cwustc-ref-2",
        "sourceType": "reference",
        "timestamp": "2026-05-14T07:07:46Z",
        "tokenAmount": 149118.614432,
        "tokenSymbol": "CWLUNC",
        "txhash": "DBD6089C780BF6A5643338E5FF83417B2996A51AFFF401EB5F4F544E4DDCCCF1",
        "type": "BUY",
        "value": 1787.576344,
        "wallet": "terra1ak9s7ugpaurevr7myydqa6yae7856wf3089neh"
      },
      {
        "amount": 52.040083,
        "baseAmount": 0.623753,
        "baseSymbol": "CWUSTC",
        "executionType": "direct",
        "pairId": "cwlunc-cwustc",
        "price": 0.01198601086012872,
        "sourceContract": "terra1l7vy20x940je7lskm6x9s839vjsmekz9k9mv7g",
        "sourcePairId": "cwlunc-cwustc-ref-1",
        "sourceType": "reference",
        "timestamp": "2026-05-14T07:06:12Z",
        "tokenAmount": 52.040083,
        "tokenSymbol": "CWLUNC",
        "txhash": "479851F34B347BF498C8B4F72B20DFC2C734C6E40A2221AAB652861F85D46871",
        "type": "BUY",
        "value": 0.623753,
        "wallet": "terra1syg6yflqxxmlljhvkeynewccvh9ghlfscz3eqq"
      },
      {
        "amount": 149026.884018,
        "baseAmount": 1785.448593,
        "baseSymbol": "CWUSTC",
        "executionType": "direct",
        "pairId": "cwlunc-cwustc",
        "price": 0.011980714786899436,
        "sourceContract": "terra1m6ywlgn6wrjuagcmmezzz2a029gtldhey5k552",
        "sourcePairId": "cwlunc-cwustc-ref-2",
        "sourceType": "reference",
        "timestamp": "2026-05-14T07:05:49Z",
        "tokenAmount": 149026.884018,
        "tokenSymbol": "CWLUNC",
        "txhash": "CFD4EEF0EE81F51C3CCF8207B36E54499EC8B49C6B6DC1B61E33FD03981EA47C",
        "type": "BUY",
        "value": 1785.448593,
        "wallet": "terra1ak9s7ugpaurevr7myydqa6yae7856wf3089neh"
      },
      {
        "amount": 149112.672338,
        "baseAmount": 1785.448593,
        "baseSymbol": "CWUSTC",
        "executionType": "direct",
        "pairId": "cwlunc-cwustc",
        "price": 0.011973821976396803,
        "sourceContract": "terra1m6ywlgn6wrjuagcmmezzz2a029gtldhey5k552",
        "sourcePairId": "cwlunc-cwustc-ref-2",
        "sourceType": "reference",
        "timestamp": "2026-05-14T07:05:43Z",
        "tokenAmount": 149112.672338,
        "tokenSymbol": "CWLUNC",
        "txhash": "AEFD8C67973FC63DA6C0696F46626F34AD8A134F277BF090479D7E0184F1C39F",
        "type": "BUY",
        "value": 1785.448593,
        "wallet": "terra1ak9s7ugpaurevr7myydqa6yae7856wf3089neh"
      },
      {
        "amount": 149080.337843,
        "baseAmount": 1785.714285,
        "baseSymbol": "CWUSTC",
        "executionType": "direct",
        "pairId": "cwlunc-cwustc",
        "price": 0.011978201222488358,
        "sourceContract": "terra1l7vy20x940je7lskm6x9s839vjsmekz9k9mv7g",
        "sourcePairId": "cwlunc-cwustc-ref-1",
        "sourceType": "reference",
        "timestamp": "2026-05-14T07:05:31Z",
        "tokenAmount": 149080.337843,
        "tokenSymbol": "CWLUNC",
        "txhash": "65A23018421F6D7619B0B442D192BF6C5D317E2F2625D09F7B24CA5DB289522E",
        "type": "BUY",
        "value": 1785.714285,
        "wallet": "terra1ak9s7ugpaurevr7myydqa6yae7856wf3089neh"
      },
      {
        "amount": 149220.743353,
        "baseAmount": 1785.714285,
        "baseSymbol": "CWUSTC",
        "executionType": "direct",
        "pairId": "cwlunc-cwustc",
        "price": 0.011966930634943116,
        "sourceContract": "terra1m6ywlgn6wrjuagcmmezzz2a029gtldhey5k552",
