{
  "pairs": {
    "amplunc-cwlunc": [
      {
        "amount": 7004.041683,
        "baseAmount": 9089.130458,
        "baseSymbol": "CWLUNC",
        "executionType": "direct",
        "pairId": "amplunc-cwlunc",
        "price": 1.2976979391857224,
        "sourceContract": "terra12gkp648mkgj6esr5y6dwc2q4mftnfzk2pudka8",
        "sourcePairId": "amplunc-cwlunc-ref-2",
        "sourceType": "reference",
        "timestamp": "2026-05-02T05:34:44Z",
        "tokenAmount": 7004.041683,
        "tokenSymbol": "AMPLUNC",
        "txhash": "79ADA8765EA29856242355C3909A00AF60E6865064572AD9FBDD33BE115D0102",
        "type": "BUY",
        "value": 9089.130458,
        "wallet": "terra1g3zc8lwwmkrm0cz9wkgl849pdqaw6cq8lh7872"
      },
      {
        "amount": 9578.673131,
        "baseAmount": 12345.0,
        "baseSymbol": "CWLUNC",
        "executionType": "direct",
        "pairId": "amplunc-cwlunc",
        "price": 1.2888006335707585,
        "sourceContract": "terra1fkhc5unv3x8dss2nkthv482um40fsx7hjqmmdnq3qrjdjzup3pesaa75hg",
        "sourcePairId": "amplunc-cwlunc",
        "sourceType": "primary",
        "timestamp": "2026-05-02T01:06:00Z",
        "tokenAmount": 9578.673131,
        "tokenSymbol": "AMPLUNC",
        "txhash": "8076734D8388FE5F314EE91CD4B69CE1C6B53D3A0F52702F75B856414F205B05",
        "type": "BUY",
        "value": 12345.0,
        "wallet": "terra1nynrxdccq0r9ghrz0sq7tjkkh8wug0ggg4lkzsags8r9dyhf7ypqx5gsr8"
      },
      {
        "amount": 20608.777342,
        "baseAmount": 26772.690282,
        "baseSymbol": "CWLUNC",
        "executionType": "direct",
        "pairId": "amplunc-cwlunc",
        "price": 1.2990916364280451,
        "sourceContract": "terra1fkhc5unv3x8dss2nkthv482um40fsx7hjqmmdnq3qrjdjzup3pesaa75hg",
        "sourcePairId": "amplunc-cwlunc",
        "sourceType": "primary",
        "timestamp": "2026-05-02T00:06:35Z",
        "tokenAmount": 20608.777342,
        "tokenSymbol": "AMPLUNC",
        "txhash": "EC33BB46AF37719207927BC74BDBFEDFB34FA94CC5E08B5F20BFB8B2D67B5FA6",
        "type": "BUY",
        "value": 26772.690282,
        "wallet": "terra1nynrxdccq0r9ghrz0sq7tjkkh8wug0ggg4lkzsags8r9dyhf7ypqx5gsr8"
      },
      {
        "amount": 13518.736776,
        "baseAmount": 17585.242791,
        "baseSymbol": "CWLUNC",
        "executionType": "direct",
        "pairId": "amplunc-cwlunc",
        "price": 1.30080517746446,
        "sourceContract": "terra12gkp648mkgj6esr5y6dwc2q4mftnfzk2pudka8",
        "sourcePairId": "amplunc-cwlunc-ref-2",
        "sourceType": "reference",
        "timestamp": "2026-05-01T10:53:49Z",
        "tokenAmount": 13518.736776,
        "tokenSymbol": "AMPLUNC",
        "txhash": "12CB8A5A182F673A2D9BCE54A405AE4EB50A5FD394454F4B28D59F70FE1187F3",
        "type": "BUY",
        "value": 17585.242791,
        "wallet": "terra1g3zc8lwwmkrm0cz9wkgl849pdqaw6cq8lh7872"
      },
      {
        "amount": 9055.984591,
        "baseAmount": 11799.845219,
        "baseSymbol": "CWLUNC",
        "executionType": "direct",
        "pairId": "amplunc-cwlunc",
        "price": 1.302988659093667,
        "sourceContract": "terra132qwlqxffksjfg6ntzp4m5786lrlmgrufzx5c6",
        "sourcePairId": "amplunc-cwlunc-ref-1",
        "sourceType": "reference",
        "timestamp": "2026-05-01T09:26:23Z",
        "tokenAmount": 9055.984591,
        "tokenSymbol": "AMPLUNC",
        "txhash": "12CAC5D11C0CDD96AB2EF737E62204E47E5B408B4B87362DD8D10E7886EA7E0C",
        "type": "SELL",
        "value": 11799.845219,
        "wallet": "terra1ydeh9exz82qrzw82ycjr6n462u5ldt8m8qt4rh"
      },
      {
        "amount": 14040.512759,
        "baseAmount": 18266.947158,
        "baseSymbol": "CWLUNC",
        "executionType": "direct",
        "pairId": "amplunc-cwlunc",
        "price": 1.3010170975622557,
        "sourceContract": "terra12gkp648mkgj6esr5y6dwc2q4mftnfzk2pudka8",
        "sourcePairId": "amplunc-cwlunc-ref-2",
        "sourceType": "reference",
        "timestamp": "2026-04-30T20:56:06Z",
        "tokenAmount": 14040.512759,
        "tokenSymbol": "AMPLUNC",
        "txhash": "861FBD831B44A26938D30E98B8B51811041411DC4190252A386091FE71EC34A3",
        "type": "BUY",
        "value": 18266.947158,
        "wallet": "terra1g3zc8lwwmkrm0cz9wkgl849pdqaw6cq8lh7872"
      },
      {
        "amount": 7087.233558,
        "baseAmount": 9148.731041,
        "baseSymbol": "CWLUNC",
        "executionType": "direct",
        "pairId": "amplunc-cwlunc",
        "price": 1.2908747773202707,
        "sourceContract": "terra12gkp648mkgj6esr5y6dwc2q4mftnfzk2pudka8",
        "sourcePairId": "amplunc-cwlunc-ref-2",
        "sourceType": "reference",
        "timestamp": "2026-04-30T18:19:07Z",
        "tokenAmount": 7087.233558,
        "tokenSymbol": "AMPLUNC",
        "txhash": "76973A5EA150733106D8885FEB17B4DCE294BD431B779524AF5AD4D676AE416A",
        "type": "BUY",
        "value": 9148.731041,
        "wallet": "terra1q7a9kg5xusufjfjp3v8ghsc7urfrlj8m99hlwh"
      },
      {
        "amount": 7624.897498,
        "baseAmount": 9789.535527,
        "baseSymbol": "CWLUNC",
        "executionType": "direct",
        "pairId": "amplunc-cwlunc",
        "price": 1.2838907709340068,
        "sourceContract": "terra12gkp648mkgj6esr5y6dwc2q4mftnfzk2pudka8",
        "sourcePairId": "amplunc-cwlunc-ref-2",
        "sourceType": "reference",
        "timestamp": "2026-04-30T16:31:11Z",
        "tokenAmount": 7624.897498,
        "tokenSymbol": "AMPLUNC",
        "txhash": "2905B57E1137BDB53C19A19661FA672D1D0D16F35DDCFB14284DC708C9E33504",
        "type": "BUY",
        "value": 9789.535527,
        "wallet": "terra1q7a9kg5xusufjfjp3v8ghsc7urfrlj8m99hlwh"
      },
      {
        "amount": 8043.091633,
        "baseAmount": 10502.616658,
        "baseSymbol": "CWLUNC",
        "executionType": "direct",
        "pairId": "amplunc-cwlunc",
        "price": 1.3057934855433968,
        "sourceContract": "terra132qwlqxffksjfg6ntzp4m5786lrlmgrufzx5c6",
        "sourcePairId": "amplunc-cwlunc-ref-1",
        "sourceType": "reference",
        "timestamp": "2026-04-30T14:23:56Z",
        "tokenAmount": 8043.091633,
        "tokenSymbol": "AMPLUNC",
        "txhash": "07D89C3A766C12488F891AE36C79DCEFEB3CB61DBF0299BB52BB539E5D15C21A",
        "type": "SELL",
        "value": 10502.616658,
        "wallet": "terra1zafpjz7h4x9cd8n5rf9lxz7tru352taxtl8jeu"
      },
      {
        "amount": 139.701328,
        "baseAmount": 177.795089,
        "baseSymbol": "CWLUNC",
        "executionType": "direct",
        "pairId": "amplunc-cwlunc",
        "price": 1.2726800206222808,
        "sourceContract": "terra12gkp648mkgj6esr5y6dwc2q4mftnfzk2pudka8",
        "sourcePairId": "amplunc-cwlunc-ref-2",
        "sourceType": "reference",
        "timestamp": "2026-04-30T08:52:17Z",
        "tokenAmount": 139.701328,
        "tokenSymbol": "AMPLUNC",
        "txhash": "3620EBB7F17A2227C06BE15C627B812A15A7A68A53476C652A73F36BD4D8203E",
        "type": "SELL",
        "value": 177.795089,
        "wallet": "terra10fsmdspfdukffwv0lrjm6gc9w3fcrl9fe076cl"
      },
      {
        "amount": 1849.582387,
        "baseAmount": 2355.642536,
        "baseSymbol": "CWLUNC",
        "executionType": "direct",
        "pairId": "amplunc-cwlunc",
        "price": 1.273607789821584,
        "sourceContract": "terra12gkp648mkgj6esr5y6dwc2q4mftnfzk2pudka8",
        "sourcePairId": "amplunc-cwlunc-ref-2",
        "sourceType": "reference",
        "timestamp": "2026-04-30T05:50:11Z",
        "tokenAmount": 1849.582387,
        "tokenSymbol": "AMPLUNC",
        "txhash": "7DEB2562F6367C288E14F5B5716C1CC7A4201A34ED711F2E150C26817EF942F8",
        "type": "SELL",
        "value": 2355.642536,
        "wallet": "terra10fsmdspfdukffwv0lrjm6gc9w3fcrl9fe076cl"
      },
      {
        "amount": 6840.782484,
        "baseAmount": 8740.301465,
        "baseSymbol": "CWLUNC",
        "executionType": "direct",
        "pairId": "amplunc-cwlunc",
        "price": 1.2776756877510447,
        "sourceContract": "terra12gkp648mkgj6esr5y6dwc2q4mftnfzk2pudka8",
        "sourcePairId": "amplunc-cwlunc-ref-2",
        "sourceType": "reference",
        "timestamp": "2026-04-30T05:48:18Z",
        "tokenAmount": 6840.782484,
        "tokenSymbol": "AMPLUNC",
        "txhash": "5BF62F9D04C685245BB5D9FD3DAA02B975E4BA5F90DEB0D75E6945A36E904268",
        "type": "SELL",
        "value": 8740.301465,
        "wallet": "terra1g3zc8lwwmkrm0cz9wkgl849pdqaw6cq8lh7872"
      },
      {
        "amount": 3506.615831,
        "baseAmount": 4497.401586,
        "baseSymbol": "CWLUNC",
        "executionType": "direct",
        "pairId": "amplunc-cwlunc",
        "price": 1.282547562308088,
        "sourceContract": "terra12gkp648mkgj6esr5y6dwc2q4mftnfzk2pudka8",
        "sourcePairId": "amplunc-cwlunc-ref-2",
        "sourceType": "reference",
        "timestamp": "2026-04-30T01:54:55Z",
        "tokenAmount": 3506.615831,
        "tokenSymbol": "AMPLUNC",
        "txhash": "ADA82FEAD664DF5CA75123E0F2837FA45DF0AC5E8D44D02BE4F81DBD380C6BDC",
        "type": "SELL",
        "value": 4497.401586,
        "wallet": "terra1g3zc8lwwmkrm0cz9wkgl849pdqaw6cq8lh7872"
      },
      {
        "amount": 8903.680138,
        "baseAmount": 11651.196755,
        "baseSymbol": "CWLUNC",
        "pairId": "amplunc-cwlunc",
        "price": 1.3085821339508683,
        "sourceContract": "terra132qwlqxffksjfg6ntzp4m5786lrlmgrufzx5c6",
        "sourcePairId": "amplunc-cwlunc-ref-1",
        "sourceType": "reference",
        "timestamp": "2026-04-29T20:54:32Z",
        "tokenAmount": 8903.680138,
        "tokenSymbol": "AMPLUNC",
        "txhash": "AEA0ADE811D0EB436B921C6D8F0AD93C98A8512DCFA008DB88939BF689ED6BDD",
        "type": "SELL",
        "value": 11651.196755,
        "wallet": "terra1ydeh9exz82qrzw82ycjr6n462u5ldt8m8qt4rh"
      },
      {
        "amount": 232.227626,
        "baseAmount": 300.0,
        "baseSymbol": "CWLUNC",
        "pairId": "amplunc-cwlunc",
        "price": 1.2918359678705926,
        "sourceContract": "terra12gkp648mkgj6esr5y6dwc2q4mftnfzk2pudka8",
        "sourcePairId": "amplunc-cwlunc-ref-2",
        "sourceType": "reference",
        "timestamp": "2026-04-29T20:50:11Z",
        "tokenAmount": 232.227626,
        "tokenSymbol": "AMPLUNC",
        "txhash": "4A012668CED62DE279FB40976867B297D9D3096266D0038EC28CABF627E6B897",
        "type": "BUY",
        "value": 300.0,
        "wallet": "terra1g3zc8lwwmkrm0cz9wkgl849pdqaw6cq8lh7872"
      },
      {
        "amount": 10137.971474,
        "baseAmount": 13046.684199,
        "baseSymbol": "CWLUNC",
        "pairId": "amplunc-cwlunc",
        "price": 1.286912695745863,
        "sourceContract": "terra12gkp648mkgj6esr5y6dwc2q4mftnfzk2pudka8",
        "sourcePairId": "amplunc-cwlunc-ref-2",
        "sourceType": "reference",
        "timestamp": "2026-04-29T17:03:29Z",
        "tokenAmount": 10137.971474,
        "tokenSymbol": "AMPLUNC",
        "txhash": "53F31B0BC10F660E1024652F16E3BE04264C2C96D4067F27C6A8C7D8A8450839",
        "type": "BUY",
        "value": 13046.684199,
        "wallet": "terra1q7a9kg5xusufjfjp3v8ghsc7urfrlj8m99hlwh"
      },
      {
        "amount": 2052.88934,
        "baseAmount": 2618.21828,
        "baseSymbol": "CWLUNC",
        "pairId": "amplunc-cwlunc",
        "price": 1.2753820817248727,
        "sourceContract": "terra12gkp648mkgj6esr5y6dwc2q4mftnfzk2pudka8",
        "sourcePairId": "amplunc-cwlunc-ref-2",
        "sourceType": "reference",
        "timestamp": "2026-04-29T12:17:24Z",
        "tokenAmount": 2052.88934,
        "tokenSymbol": "AMPLUNC",
        "txhash": "058161B80232410189BDD5D2B6963D106A1708B2A199641A8A8368E6F2933151",
        "type": "SELL",
        "value": 2618.21828,
        "wallet": "terra1g3zc8lwwmkrm0cz9wkgl849pdqaw6cq8lh7872"
      },
      {
        "amount": 7041.141916,
        "baseAmount": 9064.4923,
        "baseSymbol": "CWLUNC",
        "pairId": "amplunc-cwlunc",
        "price": 1.2873611138844145,
        "sourceContract": "terra12gkp648mkgj6esr5y6dwc2q4mftnfzk2pudka8",
        "sourcePairId": "amplunc-cwlunc-ref-2",
        "sourceType": "reference",
        "timestamp": "2026-04-29T12:12:32Z",
        "tokenAmount": 7041.141916,
        "tokenSymbol": "AMPLUNC",
        "txhash": "F540976027E8BC20AF8E68DF65393C987FD3CA1E8D0CB9970F0C713BE3D202A5",
        "type": "BUY",
        "value": 9064.4923,
        "wallet": "terra1g3zc8lwwmkrm0cz9wkgl849pdqaw6cq8lh7872"
      },
      {
        "amount": 11413.538521,
        "baseAmount": 14628.602413,
        "baseSymbol": "CWLUNC",
        "pairId": "amplunc-cwlunc",
        "price": 1.2816886179587985,
        "sourceContract": "terra12gkp648mkgj6esr5y6dwc2q4mftnfzk2pudka8",
        "sourcePairId": "amplunc-cwlunc-ref-2",
        "sourceType": "reference",
        "timestamp": "2026-04-29T10:56:32Z",
        "tokenAmount": 11413.538521,
        "tokenSymbol": "AMPLUNC",
        "txhash": "554A89030850614E8C519474554E9B3A419D86EB5AB51F6C9AC0341E02EC5B64",
        "type": "SELL",
        "value": 14628.602413,
        "wallet": "terra1g3zc8lwwmkrm0cz9wkgl849pdqaw6cq8lh7872"
      },
      {
        "amount": 8982.929851,
        "baseAmount": 11781.428744,
        "baseSymbol": "CWLUNC",
        "pairId": "amplunc-cwlunc",
        "price": 1.3115352050409772,
        "sourceContract": "terra132qwlqxffksjfg6ntzp4m5786lrlmgrufzx5c6",
        "sourcePairId": "amplunc-cwlunc-ref-1",
        "sourceType": "reference",
        "timestamp": "2026-04-29T08:53:55Z",
        "tokenAmount": 8982.929851,
        "tokenSymbol": "AMPLUNC",
        "txhash": "3EA0E332C0060125D36FF29608B93750FD184339904D09D63CC2E22072A567C7",
        "type": "SELL",
        "value": 11781.428744,
        "wallet": "terra1ydeh9exz82qrzw82ycjr6n462u5ldt8m8qt4rh"
      },
      {
        "amount": 193.086553,
        "baseAmount": 250.0,
        "baseSymbol": "CWLUNC",
        "pairId": "amplunc-cwlunc",
        "price": 1.2947561397504466,
        "sourceContract": "terra12gkp648mkgj6esr5y6dwc2q4mftnfzk2pudka8",
        "sourcePairId": "amplunc-cwlunc-ref-2",
        "sourceType": "reference",
        "timestamp": "2026-04-28T20:22:13Z",
        "tokenAmount": 193.086553,
        "tokenSymbol": "AMPLUNC",
        "txhash": "571458F93ED2AB06855AC190EAAE0DF9C396F2E9A2EB7650AB7A3F00261AD162",
        "type": "BUY",
        "value": 250.0,
        "wallet": "terra1g3zc8lwwmkrm0cz9wkgl849pdqaw6cq8lh7872"
      },
      {
        "amount": 7271.514826,
        "baseAmount": 9439.435896,
        "baseSymbol": "CWLUNC",
        "pairId": "amplunc-cwlunc",
        "price": 1.298138850277578,
        "sourceContract": "terra12gkp648mkgj6esr5y6dwc2q4mftnfzk2pudka8",
        "sourcePairId": "amplunc-cwlunc-ref-2",
        "sourceType": "reference",
        "timestamp": "2026-04-28T14:33:24Z",
        "tokenAmount": 7271.514826,
        "tokenSymbol": "AMPLUNC",
        "txhash": "B48687BBBE95C5B73859A74DDE6D8A1BB89A5A776E4F80DBAB8D9A1CC914C02A",
        "type": "BUY",
        "value": 9439.435896,
        "wallet": "terra1g3zc8lwwmkrm0cz9wkgl849pdqaw6cq8lh7872"
      },
      {
        "amount": 8271.102568,
        "baseAmount": 10675.515047,
        "baseSymbol": "CWLUNC",
        "pairId": "amplunc-cwlunc",
        "price": 1.2907003581726106,
        "sourceContract": "terra12gkp648mkgj6esr5y6dwc2q4mftnfzk2pudka8",
        "sourcePairId": "amplunc-cwlunc-ref-2",
        "sourceType": "reference",
        "timestamp": "2026-04-28T12:44:10Z",
        "tokenAmount": 8271.102568,
        "tokenSymbol": "AMPLUNC",
        "txhash": "354471029632E4CE0369215CCF96816D8C5587CFF0F8D8F2924637BEA75782CC",
        "type": "BUY",
        "value": 10675.515047,
        "wallet": "terra1ydeh9exz82qrzw82ycjr6n462u5ldt8m8qt4rh"
      },
      {
        "amount": 2129.59093,
        "baseAmount": 2725.982669,
        "baseSymbol": "CWLUNC",
        "pairId": "amplunc-cwlunc",
        "price": 1.2800499056407983,
        "sourceContract": "terra12gkp648mkgj6esr5y6dwc2q4mftnfzk2pudka8",
        "sourcePairId": "amplunc-cwlunc-ref-2",
        "sourceType": "reference",
        "timestamp": "2026-04-28T01:56:10Z",
        "tokenAmount": 2129.59093,
        "tokenSymbol": "AMPLUNC",
        "txhash": "CB14F973D30963B54E1317FEAF0CBE4956AA901F973DDB8CC657E2027AE33CB6",
        "type": "SELL",
        "value": 2725.982669,
        "wallet": "terra1g3zc8lwwmkrm0cz9wkgl849pdqaw6cq8lh7872"
      },
      {
        "amount": 9098.261723,
        "baseAmount": 11959.943205,
        "baseSymbol": "CWLUNC",
        "pairId": "amplunc-cwlunc",
        "price": 1.314530573984896,
        "sourceContract": "terra132qwlqxffksjfg6ntzp4m5786lrlmgrufzx5c6",
        "sourcePairId": "amplunc-cwlunc-ref-1",
        "sourceType": "reference",
        "timestamp": "2026-04-28T00:54:29Z",
        "tokenAmount": 9098.261723,
        "tokenSymbol": "AMPLUNC",
        "txhash": "EC9640E35FB4CBEF97A274B22B3DDA6F0EBD53D351586580E076DAC63CAE725F",
        "type": "SELL",
        "value": 11959.943205,
        "wallet": "terra1ydeh9exz82qrzw82ycjr6n462u5ldt8m8qt4rh"
      },
      {
        "amount": 7368.194059,
        "baseAmount": 9464.67365,
        "baseSymbol": "CWLUNC",
        "pairId": "amplunc-cwlunc",
        "price": 1.284530995548254,
        "sourceContract": "terra12gkp648mkgj6esr5y6dwc2q4mftnfzk2pudka8",
        "sourcePairId": "amplunc-cwlunc-ref-2",
        "sourceType": "reference",
        "timestamp": "2026-04-28T00:19:14Z",
        "tokenAmount": 7368.194059,
        "tokenSymbol": "AMPLUNC",
        "txhash": "43B1BC2700EC460D3FCE6896929655DBFBF8DA63BCF348B6531AB13EE52A574E",
        "type": "SELL",
        "value": 9464.67365,
        "wallet": "terra1q7a9kg5xusufjfjp3v8ghsc7urfrlj8m99hlwh"
      },
      {
        "amount": 9169.216503,
        "baseAmount": 12081.05931,
        "baseSymbol": "CWLUNC",
        "pairId": "amplunc-cwlunc",
        "price": 1.31756724318237,
        "sourceContract": "terra132qwlqxffksjfg6ntzp4m5786lrlmgrufzx5c6",
        "sourcePairId": "amplunc-cwlunc-ref-1",
        "sourceType": "reference",
        "timestamp": "2026-04-27T23:08:06Z",
        "tokenAmount": 9169.216503,
        "tokenSymbol": "AMPLUNC",
        "txhash": "60E2EC65E30F53A3936E74207E7B421B9B2AE25E7AA3568FB071FBA3ACE97730",
        "type": "SELL",
        "value": 12081.05931,
        "wallet": "terra1ydeh9exz82qrzw82ycjr6n462u5ldt8m8qt4rh"
      },
      {
        "amount": 705.808618,
        "baseAmount": 909.337436,
        "baseSymbol": "CWLUNC",
        "pairId": "amplunc-cwlunc",
        "price": 1.288362613900529,
        "sourceContract": "terra12gkp648mkgj6esr5y6dwc2q4mftnfzk2pudka8",
        "sourcePairId": "amplunc-cwlunc-ref-2",
        "sourceType": "reference",
        "timestamp": "2026-04-27T19:27:46Z",
        "tokenAmount": 705.808618,
        "tokenSymbol": "AMPLUNC",
        "txhash": "3668310CA8221297D289DEF341D2894D1813395F126B993E6436EC84924D9DF5",
        "type": "SELL",
        "value": 909.337436,
        "wallet": "terra1g3zc8lwwmkrm0cz9wkgl849pdqaw6cq8lh7872"
      },
      {
        "amount": 9193.074674,
        "baseAmount": 12140.652939,
        "baseSymbol": "CWLUNC",
        "pairId": "amplunc-cwlunc",
        "price": 1.3206302972101802,
        "sourceContract": "terra132qwlqxffksjfg6ntzp4m5786lrlmgrufzx5c6",
        "sourcePairId": "amplunc-cwlunc-ref-1",
        "sourceType": "reference",
        "timestamp": "2026-04-27T19:07:11Z",
        "tokenAmount": 9193.074674,
        "tokenSymbol": "AMPLUNC",
        "txhash": "F565620857CC9536CA9F0A5AE74F1EB5D7E2FBC462D757D536CBFDCC98B457C7",
        "type": "SELL",
        "value": 12140.652939,
        "wallet": "terra1ydeh9exz82qrzw82ycjr6n462u5ldt8m8qt4rh"
      },
      {
        "amount": 7569.839247,
        "baseAmount": 9782.524878,
        "baseSymbol": "CWLUNC",
        "pairId": "amplunc-cwlunc",
        "price": 1.2923028559525764,
        "sourceContract": "terra12gkp648mkgj6esr5y6dwc2q4mftnfzk2pudka8",
        "sourcePairId": "amplunc-cwlunc-ref-2",
        "sourceType": "reference",
        "timestamp": "2026-04-27T08:06:19Z",
        "tokenAmount": 7569.839247,
        "tokenSymbol": "AMPLUNC",
        "txhash": "2BBA39015E2F5B3EA3F8B186F42CD78ADD097DAD6AB1958B954E060DB41DEE79",
        "type": "SELL",
        "value": 9782.524878,
        "wallet": "terra1q7a9kg5xusufjfjp3v8ghsc7urfrlj8m99hlwh"
      },
      {
        "amount": 9110.944638,
        "baseAmount": 12060.105346,
        "baseSymbol": "CWLUNC",
        "pairId": "amplunc-cwlunc",
        "price": 1.3236942847506301,
        "sourceContract": "terra132qwlqxffksjfg6ntzp4m5786lrlmgrufzx5c6",
        "sourcePairId": "amplunc-cwlunc-ref-1",
        "sourceType": "reference",
        "timestamp": "2026-04-27T06:29:30Z",
        "tokenAmount": 9110.944638,
        "tokenSymbol": "AMPLUNC",
        "txhash": "9F260E408E1B271B7D1512C567B9F8FCFA2FDD9AA6C3A04E284CB0F31E0C7E84",
        "type": "SELL",
        "value": 12060.105346,
        "wallet": "terra1ydeh9exz82qrzw82ycjr6n462u5ldt8m8qt4rh"
      },
      {
        "amount": 186.268437,
        "baseAmount": 241.407104,
        "baseSymbol": "CWLUNC",
        "pairId": "amplunc-cwlunc",
        "price": 1.2960172313036589,
        "sourceContract": "terra12gkp648mkgj6esr5y6dwc2q4mftnfzk2pudka8",
        "sourcePairId": "amplunc-cwlunc-ref-2",
        "sourceType": "reference",
        "timestamp": "2026-04-27T01:17:01Z",
        "tokenAmount": 186.268437,
        "tokenSymbol": "AMPLUNC",
        "txhash": "2FC271FE4819A88B48A860E003AB8D00A4F83E58924E677D463CD9EB18E2FC72",
        "type": "SELL",
        "value": 241.407104,
        "wallet": "terra10fsmdspfdukffwv0lrjm6gc9w3fcrl9fe076cl"
      },
      {
        "amount": 7888.124807,
        "baseAmount": 10463.987894,
        "baseSymbol": "CWLUNC",
        "pairId": "amplunc-cwlunc",
        "price": 1.3265494841960606,
        "sourceContract": "terra132qwlqxffksjfg6ntzp4m5786lrlmgrufzx5c6",
        "sourcePairId": "amplunc-cwlunc-ref-1",
        "sourceType": "reference",
        "timestamp": "2026-04-26T23:18:57Z",
        "tokenAmount": 7888.124807,
        "tokenSymbol": "AMPLUNC",
        "txhash": "59F51DA0271DAAB1849F702AEAA73A3B2CCA4CF62474AEEB2DC5841F271005F6",
        "type": "SELL",
        "value": 10463.987894,
        "wallet": "terra1zafpjz7h4x9cd8n5rf9lxz7tru352taxtl8jeu"
      },
      {
        "amount": 9277.821366,
        "baseAmount": 12334.324434,
        "baseSymbol": "CWLUNC",
        "pairId": "amplunc-cwlunc",
        "price": 1.3294418966936596,
        "sourceContract": "terra132qwlqxffksjfg6ntzp4m5786lrlmgrufzx5c6",
        "sourcePairId": "amplunc-cwlunc-ref-1",
        "sourceType": "reference",
        "timestamp": "2026-04-26T22:14:09Z",
        "tokenAmount": 9277.821366,
        "tokenSymbol": "AMPLUNC",
        "txhash": "1A64BB6C9EEE12C84B49BECB6174C8E61ADDA2B99B7F1EBB54A534160A297E98",
        "type": "SELL",
        "value": 12334.324434,
        "wallet": "terra1ydeh9exz82qrzw82ycjr6n462u5ldt8m8qt4rh"
      },
      {
        "amount": 9290.046077,
        "baseAmount": 12379.741783,
        "baseSymbol": "CWLUNC",
        "pairId": "amplunc-cwlunc",
        "price": 1.3325813112648999,
        "sourceContract": "terra132qwlqxffksjfg6ntzp4m5786lrlmgrufzx5c6",
        "sourcePairId": "amplunc-cwlunc-ref-1",
        "sourceType": "reference",
        "timestamp": "2026-04-26T21:32:46Z",
        "tokenAmount": 9290.046077,
        "tokenSymbol": "AMPLUNC",
        "txhash": "4661909D98F4389EED019B5492A6CD0F615D0C434E6DE40CE93D49AE60F18743",
        "type": "SELL",
        "value": 12379.741783,
        "wallet": "terra1ydeh9exz82qrzw82ycjr6n462u5ldt8m8qt4rh"
      },
      {
        "amount": 7964.093064,
        "baseAmount": 10352.779193,
        "baseSymbol": "CWLUNC",
        "pairId": "amplunc-cwlunc",
        "price": 1.299931970885367,
        "sourceContract": "terra12gkp648mkgj6esr5y6dwc2q4mftnfzk2pudka8",
        "sourcePairId": "amplunc-cwlunc-ref-2",
        "sourceType": "reference",
        "timestamp": "2026-04-26T06:38:06Z",
        "tokenAmount": 7964.093064,
        "tokenSymbol": "AMPLUNC",
        "txhash": "D56B9D3AB3579BBD73D7702A9ABE8000FA9E816C69DC39B1E78183149A1DE7D1",
        "type": "SELL",
        "value": 10352.779193,
        "wallet": "terra1q7a9kg5xusufjfjp3v8ghsc7urfrlj8m99hlwh"
      },
      {
        "amount": 9425.121558,
        "baseAmount": 12589.671086,
        "baseSymbol": "CWLUNC",
        "pairId": "amplunc-cwlunc",
        "price": 1.3357568927388468,
        "sourceContract": "terra132qwlqxffksjfg6ntzp4m5786lrlmgrufzx5c6",
        "sourcePairId": "amplunc-cwlunc-ref-1",
        "sourceType": "reference",
        "timestamp": "2026-04-24T01:48:13Z",
        "tokenAmount": 9425.121558,
        "tokenSymbol": "AMPLUNC",
        "txhash": "CDF8AC3A506D44A691477AD45BD74AA697AA86397E9196D2B9685F740F5FCF37",
        "type": "SELL",
        "value": 12589.671086,
        "wallet": "terra1ydeh9exz82qrzw82ycjr6n462u5ldt8m8qt4rh"
      },
      {
        "amount": 45045.02063,
        "baseAmount": 59725.806948,
        "baseSymbol": "CWLUNC",
        "pairId": "amplunc-cwlunc",
        "price": 1.3259136329093517,
        "sourceContract": "terra12gkp648mkgj6esr5y6dwc2q4mftnfzk2pudka8",
        "sourcePairId": "amplunc-cwlunc-ref-2",
        "sourceType": "reference",
        "timestamp": "2026-04-24T00:10:31Z",
        "tokenAmount": 45045.02063,
        "tokenSymbol": "AMPLUNC",
        "txhash": "ED826678E42EB9F6E38BD006E12F20289A16C3F7948F8E5185F883878703AE8D",
        "type": "SELL",
        "value": 59725.806948,
        "wallet": "terra1g3zc8lwwmkrm0cz9wkgl849pdqaw6cq8lh7872"
      },
      {
        "amount": 37377.09138,
        "baseAmount": 50000.0,
        "baseSymbol": "CWLUNC",
        "pairId": "amplunc-cwlunc",
        "price": 1.3377177879270283,
        "sourceContract": "terra12gkp648mkgj6esr5y6dwc2q4mftnfzk2pudka8",
        "sourcePairId": "amplunc-cwlunc-ref-2",
        "sourceType": "reference",
        "timestamp": "2026-04-24T00:09:38Z",
        "tokenAmount": 37377.09138,
        "tokenSymbol": "AMPLUNC",
        "txhash": "6EE8A1483DB6B9D7D225BD6A52E4B2A7A70C20E77B4A2F01FA92B647FA206CB0",
        "type": "BUY",
        "value": 50000.0,
        "wallet": "terra1g3zc8lwwmkrm0cz9wkgl849pdqaw6cq8lh7872"
      },
      {
        "amount": 9469.721722,
        "baseAmount": 12679.715918,
        "baseSymbol": "CWLUNC",
        "pairId": "amplunc-cwlunc",
        "price": 1.3389745010714054,
        "sourceContract": "terra132qwlqxffksjfg6ntzp4m5786lrlmgrufzx5c6",
        "sourcePairId": "amplunc-cwlunc-ref-1",
        "sourceType": "reference",
        "timestamp": "2026-04-23T23:40:31Z",
        "tokenAmount": 9469.721722,
        "tokenSymbol": "AMPLUNC",
        "txhash": "56372E3C32E3110571FD9A7CD0C4B1EFCF2F2CCA461B63D86D7C6DB309DC69FD",
        "type": "SELL",
        "value": 12679.715918,
        "wallet": "terra1ydeh9exz82qrzw82ycjr6n462u5ldt8m8qt4rh"
      },
      {
        "amount": 17932.678308,
        "baseAmount": 23812.324272,
        "baseSymbol": "CWLUNC",
        "pairId": "amplunc-cwlunc",
        "price": 1.3278732748680948,
        "sourceContract": "terra12gkp648mkgj6esr5y6dwc2q4mftnfzk2pudka8",
        "sourcePairId": "amplunc-cwlunc-ref-2",
        "sourceType": "reference",
        "timestamp": "2026-04-23T21:33:38Z",
        "tokenAmount": 17932.678308,
        "tokenSymbol": "AMPLUNC",
        "txhash": "50CA5499211A5C004DDF37380C7BD285B2C722FA58F454A5B0D667E756A10713",
        "type": "BUY",
        "value": 23812.324272,
        "wallet": "terra1g3zc8lwwmkrm0cz9wkgl849pdqaw6cq8lh7872"
      },
      {
        "amount": 9482.799979,
        "baseAmount": 12727.94339,
        "baseSymbol": "CWLUNC",
        "pairId": "amplunc-cwlunc",
        "price": 1.3422136308038224,
        "sourceContract": "terra132qwlqxffksjfg6ntzp4m5786lrlmgrufzx5c6",
        "sourcePairId": "amplunc-cwlunc-ref-1",
        "sourceType": "reference",
        "timestamp": "2026-04-23T21:13:14Z",
        "tokenAmount": 9482.799979,
        "tokenSymbol": "AMPLUNC",
        "txhash": "9FC8B76A02EE8B645818C2761C82BB54078986EFCF10DD866421AF05C702D280",
        "type": "SELL",
        "value": 12727.94339,
        "wallet": "terra1ydeh9exz82qrzw82ycjr6n462u5ldt8m8qt4rh"
      },
      {
        "amount": 9477.683347,
        "baseAmount": 12751.899773,
        "baseSymbol": "CWLUNC",
        "pairId": "amplunc-cwlunc",
        "price": 1.3454659019639432,
        "sourceContract": "terra132qwlqxffksjfg6ntzp4m5786lrlmgrufzx5c6",
        "sourcePairId": "amplunc-cwlunc-ref-1",
        "sourceType": "reference",
        "timestamp": "2026-04-23T19:45:53Z",
        "tokenAmount": 9477.683347,
        "tokenSymbol": "AMPLUNC",
        "txhash": "250A151132EAF845BB1FC87403EC517CDE3C16E307305579F013C0977C333120",
        "type": "SELL",
        "value": 12751.899773,
        "wallet": "terra1ydeh9exz82qrzw82ycjr6n462u5ldt8m8qt4rh"
      },
      {
        "amount": 61.955922,
        "baseAmount": 81.230312,
        "baseSymbol": "CWLUNC",
        "pairId": "amplunc-cwlunc",
        "price": 1.311098428976652,
        "sourceContract": "terra12gkp648mkgj6esr5y6dwc2q4mftnfzk2pudka8",
        "sourcePairId": "amplunc-cwlunc-ref-2",
        "sourceType": "reference",
        "timestamp": "2026-04-23T07:29:08Z",
        "tokenAmount": 61.955922,
        "tokenSymbol": "AMPLUNC",
        "txhash": "A2446B0BC06B78A889AAF53430A65D80A57C0291B80CFC0ED87EB367898724B5",
        "type": "SELL",
        "value": 81.230312,
        "wallet": "terra1g3zc8lwwmkrm0cz9wkgl849pdqaw6cq8lh7872"
      },
      {
        "amount": 8890.138446,
        "baseAmount": 11694.755967,
        "baseSymbol": "CWLUNC",
        "pairId": "amplunc-cwlunc",
        "price": 1.315475123141856,
        "sourceContract": "terra12gkp648mkgj6esr5y6dwc2q4mftnfzk2pudka8",
        "sourcePairId": "amplunc-cwlunc-ref-2",
        "sourceType": "reference",
        "timestamp": "2026-04-22T16:24:48Z",
        "tokenAmount": 8890.138446,
        "tokenSymbol": "AMPLUNC",
        "txhash": "4E537BDC453503AB3944A194223C3F6EDCBFC1D7F8E6B809AB45536B2C7EFCB7",
        "type": "SELL",
        "value": 11694.755967,
        "wallet": "terra1g3zc8lwwmkrm0cz9wkgl849pdqaw6cq8lh7872"
      },
      {
        "amount": 8147.318522,
        "baseAmount": 10785.999342,
        "baseSymbol": "CWLUNC",
        "pairId": "amplunc-cwlunc",
        "price": 1.323871076462131,
        "sourceContract": "terra12gkp648mkgj6esr5y6dwc2q4mftnfzk2pudka8",
        "sourcePairId": "amplunc-cwlunc-ref-2",
        "sourceType": "reference",
        "timestamp": "2026-04-22T13:39:14Z",
        "tokenAmount": 8147.318522,
        "tokenSymbol": "AMPLUNC",
        "txhash": "5FC473FEDB175D38BFFBEC67ABCA4D7F69B710DED2E20797F1B83B5D0B8B6D69",
        "type": "SELL",
        "value": 10785.999342,
        "wallet": "terra1q7a9kg5xusufjfjp3v8ghsc7urfrlj8m99hlwh"
      },
      {
        "amount": 74492.830308,
        "baseAmount": 100000.0,
        "baseSymbol": "CWLUNC",
        "pairId": "amplunc-cwlunc",
        "price": 1.3424110694483937,
        "sourceContract": "terra132qwlqxffksjfg6ntzp4m5786lrlmgrufzx5c6",
        "sourcePairId": "amplunc-cwlunc-ref-1",
        "sourceType": "reference",
        "timestamp": "2026-04-22T13:38:20Z",
        "tokenAmount": 74492.830308,
        "tokenSymbol": "AMPLUNC",
        "txhash": "FB35C3A8249C60E0D0AD1E21F3A9031355B4659D4DC01241BF21B5609BBE2579",
        "type": "BUY",
        "value": 100000.0,
        "wallet": "terra10fsmdspfdukffwv0lrjm6gc9w3fcrl9fe076cl"
      },
      {
        "amount": 1551.757883,
        "baseAmount": 2062.96864,
        "baseSymbol": "CWLUNC",
        "pairId": "amplunc-cwlunc",
        "price": 1.3294397680208208,
        "sourceContract": "terra132qwlqxffksjfg6ntzp4m5786lrlmgrufzx5c6",
        "sourcePairId": "amplunc-cwlunc-ref-1",
        "sourceType": "reference",
        "timestamp": "2026-04-21T23:56:31Z",
        "tokenAmount": 1551.757883,
        "tokenSymbol": "AMPLUNC",
        "txhash": "6CD9E0832D3F918244B2E0ED378A839958863800453E40A90F7DE6FCFE57DA0F",
        "type": "BUY",
        "value": 2062.96864,
        "wallet": "terra1ydeh9exz82qrzw82ycjr6n462u5ldt8m8qt4rh"
      },
      {
        "amount": 37813.387284,
        "baseAmount": 50199.600611,
        "baseSymbol": "CWLUNC",
        "pairId": "amplunc-cwlunc",
        "price": 1.3275615917181,
        "sourceContract": "terra132qwlqxffksjfg6ntzp4m5786lrlmgrufzx5c6",
        "sourcePairId": "amplunc-cwlunc-ref-1",
        "sourceType": "reference",
        "timestamp": "2026-04-21T23:56:02Z",
        "tokenAmount": 37813.387284,
        "tokenSymbol": "AMPLUNC",
        "txhash": "3EDF2F6AD7AE9B010C66303E377AA68C807C209D5EE6A93E281FE7C3CA50C71C",
        "type": "SELL",
        "value": 50199.600611,
        "wallet": "terra1gygragtv7rhv86scnq4lkw0kw499939qer9ur5"
      },
      {
        "amount": 56720.080925,
        "baseAmount": 76211.043518,
        "baseSymbol": "CWLUNC",
        "pairId": "amplunc-cwlunc",
        "price": 1.3436342521931972,
        "sourceContract": "terra132qwlqxffksjfg6ntzp4m5786lrlmgrufzx5c6",
        "sourcePairId": "amplunc-cwlunc-ref-1",
        "sourceType": "reference",
        "timestamp": "2026-04-21T23:55:10Z",
        "tokenAmount": 56720.080925,
        "tokenSymbol": "AMPLUNC",
        "txhash": "6EF74133A27D60EEC1655A5A3CE0A04BF1FDE100B1BF078E2E49B06B65CC60DC",
        "type": "SELL",
        "value": 76211.043518,
        "wallet": "terra1gygragtv7rhv86scnq4lkw0kw499939qer9ur5"
      }
    ],
    "amplunc-cwustc": [],
    "amplunc-lunc": [
      {
        "amount": 12345.0,
        "baseAmount": 9578.673131,
        "baseSymbol": "LUNC",
        "executionType": "routed",
        "pairId": "amplunc-lunc",
        "price": 0.775915198946942,
        "sourceContract": "terra1nynrxdccq0r9ghrz0sq7tjkkh8wug0ggg4lkzsags8r9dyhf7ypqx5gsr8",
        "sourcePairId": "amplunc-lunc",
        "sourceType": "routed",
        "timestamp": "2026-05-02T01:06:00Z",
        "tokenAmount": 12345.0,
        "tokenSymbol": "AMPLUNC",
        "txhash": "8076734D8388FE5F314EE91CD4B69CE1C6B53D3A0F52702F75B856414F205B05",
        "type": "SWAP",
        "value": 9578.673131,
        "wallet": ""
      },
      {
        "amount": 26772.690282,
        "baseAmount": 20608.777342,
        "baseSymbol": "LUNC",
        "executionType": "routed",
        "pairId": "amplunc-lunc",
        "price": 0.7697686382998961,
        "sourceContract": "terra1nynrxdccq0r9ghrz0sq7tjkkh8wug0ggg4lkzsags8r9dyhf7ypqx5gsr8",
        "sourcePairId": "amplunc-lunc",
        "sourceType": "routed",
        "timestamp": "2026-05-02T00:06:35Z",
        "tokenAmount": 26772.690282,
        "tokenSymbol": "AMPLUNC",
        "txhash": "EC33BB46AF37719207927BC74BDBFEDFB34FA94CC5E08B5F20BFB8B2D67B5FA6",
        "type": "SWAP",
        "value": 20608.777342,
        "wallet": ""
      }
    ],
    "amplunc-ustc": [],
    "astro-amplunc": [],
    "astro-cwlunc": [
      {
        "amount": 286.811595,
        "baseAmount": 1500.0,
        "baseSymbol": "CWLUNC",
        "executionType": "direct",
        "pairId": "astro-cwlunc",
        "price": 5.229914083494427,
        "sourceContract": "terra1udqrxagr6tu0snr89hcyntj3zm0tjra3pslalsvyq6aczmr7aqtsfyyv48",
        "sourcePairId": "astro-cwlunc",
        "sourceType": "primary",
        "timestamp": "2026-05-02T01:04:01Z",
        "tokenAmount": 286.811595,
        "tokenSymbol": "ASTRO",
        "txhash": "3A0794DB72932B4DF690E86D06ACE4CF79D80A436CFBCB7336CF52ACB06A9387",
        "type": "BUY",
        "value": 1500.0,
        "wallet": "terra1nynrxdccq0r9ghrz0sq7tjkkh8wug0ggg4lkzsags8r9dyhf7ypqx5gsr8"
      },
      {
        "amount": 349.809,
        "baseAmount": 2790.120114,
        "baseSymbol": "CWLUNC",
        "executionType": "direct",
        "pairId": "astro-cwlunc",
        "price": 7.976124439336894,
        "sourceContract": "terra1udqrxagr6tu0snr89hcyntj3zm0tjra3pslalsvyq6aczmr7aqtsfyyv48",
        "sourcePairId": "astro-cwlunc",
        "sourceType": "primary",
        "timestamp": "2026-04-30T02:37:34Z",
        "tokenAmount": 349.809,
        "tokenSymbol": "ASTRO",
        "txhash": "957A091D57827B3D8CD4CB2CDE83B3B4B329CAA9DABF0F7A2584164897B6AD36",
        "type": "SELL",
        "value": 2790.120114,
        "wallet": "terra1nynrxdccq0r9ghrz0sq7tjkkh8wug0ggg4lkzsags8r9dyhf7ypqx5gsr8"
      },
      {
        "amount": 1390.910787,
        "baseAmount": 11205.345265,
        "baseSymbol": "CWLUNC",
        "executionType": "direct",
        "pairId": "astro-cwlunc",
        "price": 8.056120758951307,
        "sourceContract": "terra1nujm9zqa4hpaz9s8wrhrp86h3m9xwprjt9kmf9",
        "sourcePairId": "astro-cwlunc-ref-1",
        "sourceType": "reference",
        "timestamp": "2026-04-30T01:27:39Z",
        "tokenAmount": 1390.910787,
        "tokenSymbol": "ASTRO",
        "txhash": "943BA77595210E4037A3EFF4CBA6A7539BB0068C68F07FAB8CA8ED791EBEC06A",
        "type": "SELL",
        "value": 11205.345265,
        "wallet": "terra1ydeh9exz82qrzw82ycjr6n462u5ldt8m8qt4rh"
      },
      {
        "amount": 139.169707,
        "baseAmount": 321.0,
        "baseSymbol": "CWLUNC",
        "executionType": "direct",
        "pairId": "astro-cwlunc",
        "price": 2.306536436122554,
        "sourceContract": "terra1udqrxagr6tu0snr89hcyntj3zm0tjra3pslalsvyq6aczmr7aqtsfyyv48",
        "sourcePairId": "astro-cwlunc",
        "sourceType": "primary",
        "timestamp": "2026-04-29T23:47:00Z",
        "tokenAmount": 139.169707,
        "tokenSymbol": "ASTRO",
        "txhash": "6E12396D80A17D1ABE545FEF6BF64324946D3F7D8BD2EF9DF0C5D43DEC1B157D",
        "type": "BUY",
        "value": 321.0,
        "wallet": "terra1nynrxdccq0r9ghrz0sq7tjkkh8wug0ggg4lkzsags8r9dyhf7ypqx5gsr8"
      },
      {
        "amount": 210.639991,
        "baseAmount": 907.214121,
        "baseSymbol": "CWLUNC",
        "pairId": "astro-cwlunc",
        "price": 4.306941510456103,
        "sourceContract": "terra1udqrxagr6tu0snr89hcyntj3zm0tjra3pslalsvyq6aczmr7aqtsfyyv48",
        "sourcePairId": "astro-cwlunc",
        "sourceType": "primary",
        "timestamp": "2026-04-29T03:23:31Z",
        "tokenAmount": 210.639991,
        "tokenSymbol": "ASTRO",
        "txhash": "0708252269F1C2D8FC582C5255CB0884E99569972ACEC3E10D468C436E425322",
        "type": "BUY",
        "value": 907.214121,
        "wallet": "terra1nynrxdccq0r9ghrz0sq7tjkkh8wug0ggg4lkzsags8r9dyhf7ypqx5gsr8"
      },
      {
        "amount": 1351.632304,
        "baseAmount": 11124.073086,
        "baseSymbol": "CWLUNC",
        "pairId": "astro-cwlunc",
        "price": 8.230103004404073,
        "sourceContract": "terra1nujm9zqa4hpaz9s8wrhrp86h3m9xwprjt9kmf9",
        "sourcePairId": "astro-cwlunc-ref-1",
        "sourceType": "reference",
        "timestamp": "2026-04-28T07:06:14Z",
        "tokenAmount": 1351.632304,
        "tokenSymbol": "ASTRO",
        "txhash": "E91791D43475C5EDA16F2764B1E48C5F95EA3CAA16851DB98BB696AE6455001C",
        "type": "SELL",
        "value": 11124.073086,
        "wallet": "terra1ydeh9exz82qrzw82ycjr6n462u5ldt8m8qt4rh"
      },
      {
        "amount": 1351.596222,
        "baseAmount": 11363.110985,
        "baseSymbol": "CWLUNC",
        "pairId": "astro-cwlunc",
        "price": 8.407178712134636,
        "sourceContract": "terra1nujm9zqa4hpaz9s8wrhrp86h3m9xwprjt9kmf9",
        "sourcePairId": "astro-cwlunc-ref-1",
        "sourceType": "reference",
        "timestamp": "2026-04-28T00:44:53Z",
        "tokenAmount": 1351.596222,
        "tokenSymbol": "ASTRO",
        "txhash": "870136E3C2658535875A670C29F019A69BDA3D219B4389B8ADE8C796010819BA",
        "type": "SELL",
        "value": 11363.110985,
        "wallet": "terra1ydeh9exz82qrzw82ycjr6n462u5ldt8m8qt4rh"
      },
      {
        "amount": 1299.02133,
        "baseAmount": 11153.919894,
        "baseSymbol": "CWLUNC",
        "pairId": "astro-cwlunc",
        "price": 8.586402421890948,
        "sourceContract": "terra1nujm9zqa4hpaz9s8wrhrp86h3m9xwprjt9kmf9",
        "sourcePairId": "astro-cwlunc-ref-1",
        "sourceType": "reference",
        "timestamp": "2026-04-27T23:24:12Z",
        "tokenAmount": 1299.02133,
        "tokenSymbol": "ASTRO",
        "txhash": "2B0FD4B6595942FD3C1CA3ACF3E56B5EB82DC9038875C75CC2EE62095DA0A6D9",
        "type": "SELL",
        "value": 11153.919894,
        "wallet": "terra1ydeh9exz82qrzw82ycjr6n462u5ldt8m8qt4rh"
      },
      {
        "amount": 1308.136689,
        "baseAmount": 11470.210263,
        "baseSymbol": "CWLUNC",
        "pairId": "astro-cwlunc",
        "price": 8.7683575878973,
        "sourceContract": "terra1nujm9zqa4hpaz9s8wrhrp86h3m9xwprjt9kmf9",
        "sourcePairId": "astro-cwlunc-ref-1",
        "sourceType": "reference",
        "timestamp": "2026-04-27T20:46:24Z",
        "tokenAmount": 1308.136689,
        "tokenSymbol": "ASTRO",
        "txhash": "6E6B0CD84AB9CC31929F699935E68A6EAE8A45EFE8E411B4EEEF2B2ABB6D8F9D",
        "type": "SELL",
        "value": 11470.210263,
        "wallet": "terra1ydeh9exz82qrzw82ycjr6n462u5ldt8m8qt4rh"
      },
      {
        "amount": 1288.884416,
        "baseAmount": 11542.488069,
        "baseSymbol": "CWLUNC",
        "pairId": "astro-cwlunc",
        "price": 8.955409752584051,
        "sourceContract": "terra1nujm9zqa4hpaz9s8wrhrp86h3m9xwprjt9kmf9",
        "sourcePairId": "astro-cwlunc-ref-1",
        "sourceType": "reference",
        "timestamp": "2026-04-27T08:29:12Z",
        "tokenAmount": 1288.884416,
        "tokenSymbol": "ASTRO",
        "txhash": "0F842F14E393CFE019FC52A59F96108BF6FDA9B0AC73944B1C01557287E8666F",
        "type": "SELL",
        "value": 11542.488069,
        "wallet": "terra1ydeh9exz82qrzw82ycjr6n462u5ldt8m8qt4rh"
      },
      {
        "amount": 1247.735835,
        "baseAmount": 11409.227916,
        "baseSymbol": "CWLUNC",
        "pairId": "astro-cwlunc",
        "price": 9.143945053080888,
        "sourceContract": "terra1nujm9zqa4hpaz9s8wrhrp86h3m9xwprjt9kmf9",
        "sourcePairId": "astro-cwlunc-ref-1",
        "sourceType": "reference",
        "timestamp": "2026-04-27T06:47:23Z",
        "tokenAmount": 1247.735835,
        "tokenSymbol": "ASTRO",
        "txhash": "267BD8EE63DA4F62969E56C9629C31E2D9FA4400FE9EE32F6866E0941B4BFA27",
        "type": "SELL",
        "value": 11409.227916,
        "wallet": "terra1ydeh9exz82qrzw82ycjr6n462u5ldt8m8qt4rh"
      },
      {
        "amount": 113.232296,
        "baseAmount": 123.0,
        "baseSymbol": "CWLUNC",
        "pairId": "astro-cwlunc",
        "price": 1.08626252707973,
        "sourceContract": "terra1udqrxagr6tu0snr89hcyntj3zm0tjra3pslalsvyq6aczmr7aqtsfyyv48",
        "sourcePairId": "astro-cwlunc",
        "sourceType": "primary",
        "timestamp": "2026-04-27T01:15:44Z",
        "tokenAmount": 113.232296,
        "tokenSymbol": "ASTRO",
        "txhash": "6EDF3DBF10E9766C278157A5432CABC7BE877E3DA8B9892BD272F8CB52926C8D",
        "type": "BUY",
        "value": 123.0,
        "wallet": "terra1nynrxdccq0r9ghrz0sq7tjkkh8wug0ggg4lkzsags8r9dyhf7ypqx5gsr8"
      },
      {
        "amount": 1249.074569,
        "baseAmount": 11660.62572,
        "baseSymbol": "CWLUNC",
        "pairId": "astro-cwlunc",
        "price": 9.335411999729857,
        "sourceContract": "terra1nujm9zqa4hpaz9s8wrhrp86h3m9xwprjt9kmf9",
        "sourcePairId": "astro-cwlunc-ref-1",
        "sourceType": "reference",
        "timestamp": "2026-04-26T23:02:42Z",
        "tokenAmount": 1249.074569,
        "tokenSymbol": "ASTRO",
        "txhash": "A24278F798C2654558D84A0840FACECBAFF3DC05BF68F0F1D07EF7A08EA28291",
        "type": "SELL",
        "value": 11660.62572,
        "wallet": "terra1ydeh9exz82qrzw82ycjr6n462u5ldt8m8qt4rh"
      },
      {
        "amount": 1230.208235,
        "baseAmount": 11725.782723,
        "baseSymbol": "CWLUNC",
        "pairId": "astro-cwlunc",
        "price": 9.531543026128418,
        "sourceContract": "terra1nujm9zqa4hpaz9s8wrhrp86h3m9xwprjt9kmf9",
        "sourcePairId": "astro-cwlunc-ref-1",
        "sourceType": "reference",
        "timestamp": "2026-04-26T22:12:23Z",
        "tokenAmount": 1230.208235,
        "tokenSymbol": "ASTRO",
        "txhash": "BAF956DE0BD206A32C5FF8100AD5117C2EEDA857C55324546D09E2AA94AD2E40",
        "type": "SELL",
        "value": 11725.782723,
        "wallet": "terra1ydeh9exz82qrzw82ycjr6n462u5ldt8m8qt4rh"
      },
      {
        "amount": 1210.007849,
        "baseAmount": 11774.203227,
        "baseSymbol": "CWLUNC",
        "pairId": "astro-cwlunc",
        "price": 9.730683347823472,
        "sourceContract": "terra1nujm9zqa4hpaz9s8wrhrp86h3m9xwprjt9kmf9",
        "sourcePairId": "astro-cwlunc-ref-1",
        "sourceType": "reference",
        "timestamp": "2026-04-26T20:44:23Z",
        "tokenAmount": 1210.007849,
        "tokenSymbol": "ASTRO",
        "txhash": "DD5BF0B5D151A69852240786331DB1375EB7DBBE94E1E843D5C0145AEC643394",
        "type": "SELL",
        "value": 11774.203227,
        "wallet": "terra1ydeh9exz82qrzw82ycjr6n462u5ldt8m8qt4rh"
      },
      {
        "amount": 1192.443264,
        "baseAmount": 11844.425015,
        "baseSymbol": "CWLUNC",
        "pairId": "astro-cwlunc",
        "price": 9.932904459763044,
        "sourceContract": "terra1nujm9zqa4hpaz9s8wrhrp86h3m9xwprjt9kmf9",
        "sourcePairId": "astro-cwlunc-ref-1",
        "sourceType": "reference",
        "timestamp": "2026-04-26T18:08:42Z",
        "tokenAmount": 1192.443264,
        "tokenSymbol": "ASTRO",
        "txhash": "42A9ACC7BC87F4834997138FC00B22A1D37BE3E3B5D4B0F4C25F7B6AB13B7846",
        "type": "SELL",
        "value": 11844.425015,
        "wallet": "terra1ydeh9exz82qrzw82ycjr6n462u5ldt8m8qt4rh"
      },
      {
        "amount": 1174.602033,
        "baseAmount": 11908.556879,
        "baseSymbol": "CWLUNC",
        "pairId": "astro-cwlunc",
        "price": 10.138375845123369,
        "sourceContract": "terra1nujm9zqa4hpaz9s8wrhrp86h3m9xwprjt9kmf9",
        "sourcePairId": "astro-cwlunc-ref-1",
        "sourceType": "reference",
        "timestamp": "2026-04-25T22:25:57Z",
        "tokenAmount": 1174.602033,
        "tokenSymbol": "ASTRO",
        "txhash": "371C0C9AAD7F580E12FD09271332BB641C7F8AF2393B5138AFECFBF782462DD2",
        "type": "SELL",
        "value": 11908.556879,
        "wallet": "terra1ydeh9exz82qrzw82ycjr6n462u5ldt8m8qt4rh"
      },
      {
        "amount": 1152.286045,
        "baseAmount": 11922.288241,
        "baseSymbol": "CWLUNC",
        "pairId": "astro-cwlunc",
        "price": 10.34663944142446,
        "sourceContract": "terra1nujm9zqa4hpaz9s8wrhrp86h3m9xwprjt9kmf9",
        "sourcePairId": "astro-cwlunc-ref-1",
        "sourceType": "reference",
        "timestamp": "2026-04-24T01:48:49Z",
        "tokenAmount": 1152.286045,
        "tokenSymbol": "ASTRO",
        "txhash": "FF54F44C818F758EBFB03FC3515A4940E66FAEBCCB4AD26131436D9046D4D24D",
        "type": "SELL",
        "value": 11922.288241,
        "wallet": "terra1ydeh9exz82qrzw82ycjr6n462u5ldt8m8qt4rh"
      },
      {
        "amount": 1138.843583,
        "baseAmount": 12023.958115,
        "baseSymbol": "CWLUNC",
        "pairId": "astro-cwlunc",
        "price": 10.558041766654094,
        "sourceContract": "terra1nujm9zqa4hpaz9s8wrhrp86h3m9xwprjt9kmf9",
        "sourcePairId": "astro-cwlunc-ref-1",
        "sourceType": "reference",
        "timestamp": "2026-04-23T23:42:13Z",
        "tokenAmount": 1138.843583,
        "tokenSymbol": "ASTRO",
        "txhash": "EA8957C9410F74D7D856BE585CC458700C580920ED46C88B492884F14C2ED088",
        "type": "SELL",
        "value": 12023.958115,
        "wallet": "terra1ydeh9exz82qrzw82ycjr6n462u5ldt8m8qt4rh"
      },
      {
        "amount": 1104.715928,
        "baseAmount": 11737.359849,
        "baseSymbol": "CWLUNC",
        "pairId": "astro-cwlunc",
        "price": 10.62477651630275,
        "sourceContract": "terra1nujm9zqa4hpaz9s8wrhrp86h3m9xwprjt9kmf9",
        "sourcePairId": "astro-cwlunc-ref-1",
        "sourceType": "reference",
        "timestamp": "2026-04-15T14:44:07Z",
        "tokenAmount": 1104.715928,
        "tokenSymbol": "ASTRO",
        "txhash": "BEAD3303DBD8C6F00ECC94D5047C6D6144EB1B339731FA402EEC6BBAAB953C36",
        "type": "BUY",
        "value": 11737.359849,
        "wallet": "terra1ydeh9exz82qrzw82ycjr6n462u5ldt8m8qt4rh"
      },
      {
        "amount": 236.0454,
        "baseAmount": 2473.63845,
        "baseSymbol": "CWLUNC",
        "pairId": "astro-cwlunc",
        "price": 10.479502883767275,
        "sourceContract": "terra1nujm9zqa4hpaz9s8wrhrp86h3m9xwprjt9kmf9",
        "sourcePairId": "astro-cwlunc-ref-1",
        "sourceType": "reference",
        "timestamp": "2026-04-14T16:42:09Z",
        "tokenAmount": 236.0454,
        "tokenSymbol": "ASTRO",
        "txhash": "0907859B7EBF6A20B4A6743F1E7F6E818CC2A349F96534CCE32353C726A634F4",
        "type": "SELL",
        "value": 2473.63845,
        "wallet": "terra1ydeh9exz82qrzw82ycjr6n462u5ldt8m8qt4rh"
      },
      {
        "amount": 1138.785328,
        "baseAmount": 12080.475313,
        "baseSymbol": "CWLUNC",
        "pairId": "astro-cwlunc",
        "price": 10.608211236982148,
        "sourceContract": "terra1nujm9zqa4hpaz9s8wrhrp86h3m9xwprjt9kmf9",
        "sourcePairId": "astro-cwlunc-ref-1",
        "sourceType": "reference",
        "timestamp": "2026-04-14T03:42:55Z",
        "tokenAmount": 1138.785328,
        "tokenSymbol": "ASTRO",
        "txhash": "5657B5C498D5D2CD5D346966A3E6978FBD9D774D5F53C0D78CE2194A393720FF",
        "type": "SELL",
        "value": 12080.475313,
        "wallet": "terra1ydeh9exz82qrzw82ycjr6n462u5ldt8m8qt4rh"
      },
      {
        "amount": 92.772429,
        "baseAmount": 1000.0,
        "baseSymbol": "CWLUNC",
        "pairId": "astro-cwlunc",
        "price": 10.779064542979683,
        "sourceContract": "terra1udqrxagr6tu0snr89hcyntj3zm0tjra3pslalsvyq6aczmr7aqtsfyyv48",
        "sourcePairId": "astro-cwlunc",
        "sourceType": "primary",
        "timestamp": "2026-04-13T19:57:18Z",
        "tokenAmount": 92.772429,
        "tokenSymbol": "ASTRO",
        "txhash": "8C969AF1FBBD6C332F882D67D20CF97C1288F51CA4ECC2827C70AE6266F0EE8E",
        "type": "BUY",
        "value": 1000.0,
        "wallet": "terra1ypxlst5h5e4d64zun5nw8j9xzmghuemflu7m5h"
      },
      {
        "amount": 158.615229,
        "baseAmount": 1710.734601,
        "baseSymbol": "CWLUNC",
        "pairId": "astro-cwlunc",
        "price": 10.785437260882434,
        "sourceContract": "terra1udqrxagr6tu0snr89hcyntj3zm0tjra3pslalsvyq6aczmr7aqtsfyyv48",
        "sourcePairId": "astro-cwlunc",
        "sourceType": "primary",
        "timestamp": "2026-04-13T19:56:36Z",
        "tokenAmount": 158.615229,
        "tokenSymbol": "ASTRO",
        "txhash": "9B15978F01A8088EFF0D62DEE8AD8E611BDE4E0D9FF0900DB57DFDF0D369BEB6",
        "type": "BUY",
        "value": 1710.734601,
        "wallet": "terra1nynrxdccq0r9ghrz0sq7tjkkh8wug0ggg4lkzsags8r9dyhf7ypqx5gsr8"
      },
      {
        "amount": 92.772429,
        "baseAmount": 1000.0,
        "baseSymbol": "CWLUNC",
        "pairId": "astro-cwlunc",
        "price": 10.779064542979683,
        "sourceContract": "terra1udqrxagr6tu0snr89hcyntj3zm0tjra3pslalsvyq6aczmr7aqtsfyyv48",
        "sourcePairId": "astro-cwlunc",
        "sourceType": "primary",
        "timestamp": "2026-04-13T19:29:14Z",
        "tokenAmount": 92.772429,
        "tokenSymbol": "ASTRO",
        "txhash": "E59103C49A461357462337BE981CDC9EA532852C15CAE6481C2A7528C756F1AE",
        "type": "BUY",
        "value": 1000.0,
        "wallet": "terra1ypxlst5h5e4d64zun5nw8j9xzmghuemflu7m5h"
      },
      {
        "amount": 1112.749559,
        "baseAmount": 12044.260627,
        "baseSymbol": "CWLUNC",
        "pairId": "astro-cwlunc",
        "price": 10.823873646666616,
        "sourceContract": "terra1nujm9zqa4hpaz9s8wrhrp86h3m9xwprjt9kmf9",
        "sourcePairId": "astro-cwlunc-ref-1",
        "sourceType": "reference",
        "timestamp": "2026-04-13T12:06:27Z",
        "tokenAmount": 1112.749559,
        "tokenSymbol": "ASTRO",
        "txhash": "9162BBE309AF7BEDB2CD144BA7EB7728D635321BBC9C733FC633DDFD69ED457A",
        "type": "SELL",
        "value": 12044.260627,
        "wallet": "terra1ydeh9exz82qrzw82ycjr6n462u5ldt8m8qt4rh"
      },
      {
        "amount": 1079.846665,
        "baseAmount": 11921.802129,
        "baseSymbol": "CWLUNC",
        "pairId": "astro-cwlunc",
        "price": 11.04027313822375,
        "sourceContract": "terra1nujm9zqa4hpaz9s8wrhrp86h3m9xwprjt9kmf9",
        "sourcePairId": "astro-cwlunc-ref-1",
        "sourceType": "reference",
        "timestamp": "2026-04-12T11:08:22Z",
        "tokenAmount": 1079.846665,
        "tokenSymbol": "ASTRO",
        "txhash": "84F872DE9B8E89A49E34B5330C2759C1C7FBEE735DD942D33E9DD7634A4CC4E9",
        "type": "SELL",
        "value": 11921.802129,
        "wallet": "terra1ydeh9exz82qrzw82ycjr6n462u5ldt8m8qt4rh"
      },
      {
        "amount": 89.17271,
        "baseAmount": 1000.0,
        "baseSymbol": "CWLUNC",
        "pairId": "astro-cwlunc",
        "price": 11.214193221222054,
        "sourceContract": "terra1udqrxagr6tu0snr89hcyntj3zm0tjra3pslalsvyq6aczmr7aqtsfyyv48",
        "sourcePairId": "astro-cwlunc",
        "sourceType": "primary",
        "timestamp": "2026-04-10T04:55:43Z",
        "tokenAmount": 89.17271,
        "tokenSymbol": "ASTRO",
        "txhash": "527F67ACDC698B07F69C36E0A596654C8FED562B2CC0FE900D82782AE29EDFCC",
        "type": "BUY",
        "value": 1000.0,
        "wallet": "terra17qfdg4k5mdgat2a3ydg6kfj5u6uxcw85gkglwc"
      },
      {
        "amount": 65.686101,
        "baseAmount": 736.458311,
        "baseSymbol": "CWLUNC",
        "pairId": "astro-cwlunc",
        "price": 11.211783007184428,
        "sourceContract": "terra1udqrxagr6tu0snr89hcyntj3zm0tjra3pslalsvyq6aczmr7aqtsfyyv48",
        "sourcePairId": "astro-cwlunc",
        "sourceType": "primary",
        "timestamp": "2026-04-07T05:45:53Z",
        "tokenAmount": 65.686101,
        "tokenSymbol": "ASTRO",
        "txhash": "69B131532D3B78BBFC35AEB52E4376E2040B40CBACC491A39002A690284A7E6C",
        "type": "BUY",
        "value": 736.458311,
        "wallet": "terra1nynrxdccq0r9ghrz0sq7tjkkh8wug0ggg4lkzsags8r9dyhf7ypqx5gsr8"
      },
      {
        "amount": 1079.380223,
        "baseAmount": 12153.604714,
        "baseSymbol": "CWLUNC",
        "pairId": "astro-cwlunc",
        "price": 11.259799332083928,
        "sourceContract": "terra1nujm9zqa4hpaz9s8wrhrp86h3m9xwprjt9kmf9",
        "sourcePairId": "astro-cwlunc-ref-1",
        "sourceType": "reference",
        "timestamp": "2026-04-04T14:30:45Z",
        "tokenAmount": 1079.380223,
        "tokenSymbol": "ASTRO",
        "txhash": "B9EB74574E988CA9FCCFB43253BC63B6F5E961641AFC8E9702915E083FD5A356",
        "type": "SELL",
        "value": 12153.604714,
        "wallet": "terra1ydeh9exz82qrzw82ycjr6n462u5ldt8m8qt4rh"
      },
      {
        "amount": 1071.305866,
        "baseAmount": 12136.167609,
        "baseSymbol": "CWLUNC",
        "pairId": "astro-cwlunc",
        "price": 11.328387152693889,
        "sourceContract": "terra1nujm9zqa4hpaz9s8wrhrp86h3m9xwprjt9kmf9",
        "sourcePairId": "astro-cwlunc-ref-1",
        "sourceType": "reference",
        "timestamp": "2026-04-03T20:42:45Z",
        "tokenAmount": 1071.305866,
        "tokenSymbol": "ASTRO",
        "txhash": "BD54FB3AD640FA157E050DB7387C78ABCC079D2F9D567547CCBE5103AFDE5750",
        "type": "BUY",
        "value": 12136.167609,
        "wallet": "terra1ydeh9exz82qrzw82ycjr6n462u5ldt8m8qt4rh"
      },
      {
        "amount": 1084.736589,
        "baseAmount": 12048.370238,
        "baseSymbol": "CWLUNC",
        "pairId": "astro-cwlunc",
        "price": 11.10718524679543,
        "sourceContract": "terra1nujm9zqa4hpaz9s8wrhrp86h3m9xwprjt9kmf9",
        "sourcePairId": "astro-cwlunc-ref-1",
        "sourceType": "reference",
        "timestamp": "2026-04-03T20:25:25Z",
        "tokenAmount": 1084.736589,
        "tokenSymbol": "ASTRO",
        "txhash": "9FD6A433CA775DBE3C78160809B5B0AED8896E01798DFEB7BEF8197B7D877F6F",
        "type": "BUY",
        "value": 12048.370238,
        "wallet": "terra1ydeh9exz82qrzw82ycjr6n462u5ldt8m8qt4rh"
      },
      {
        "amount": 1082.180769,
        "baseAmount": 11786.377714,
        "baseSymbol": "CWLUNC",
        "pairId": "astro-cwlunc",
        "price": 10.891320610780507,
        "sourceContract": "terra1nujm9zqa4hpaz9s8wrhrp86h3m9xwprjt9kmf9",
        "sourcePairId": "astro-cwlunc-ref-1",
        "sourceType": "reference",
        "timestamp": "2026-04-03T20:19:26Z",
        "tokenAmount": 1082.180769,
        "tokenSymbol": "ASTRO",
        "txhash": "E18F9454C4F7D680670728737B8A4B07B619E70CDBDFF180FFCE795E4EFC9766",
        "type": "BUY",
        "value": 11786.377714,
        "wallet": "terra1ydeh9exz82qrzw82ycjr6n462u5ldt8m8qt4rh"
      },
      {
        "amount": 9.271123,
        "baseAmount": 100.0,
        "baseSymbol": "CWLUNC",
        "pairId": "astro-cwlunc",
        "price": 10.786179840349439,
        "sourceContract": "terra1udqrxagr6tu0snr89hcyntj3zm0tjra3pslalsvyq6aczmr7aqtsfyyv48",
        "sourcePairId": "astro-cwlunc",
        "sourceType": "primary",
        "timestamp": "2026-03-23T19:35:22Z",
        "tokenAmount": 9.271123,
        "tokenSymbol": "ASTRO",
        "txhash": "AA146EADF72011820240894AC77FAC0D22C9DCD31E192596DEF637C100CA53AB",
        "type": "BUY",
        "value": 100.0,
        "wallet": "terra1nynrxdccq0r9ghrz0sq7tjkkh8wug0ggg4lkzsags8r9dyhf7ypqx5gsr8"
      },
      {
        "amount": 73.210388,
        "baseAmount": 790.0,
        "baseSymbol": "CWLUNC",
        "pairId": "astro-cwlunc",
        "price": 10.790818374026376,
        "sourceContract": "terra1udqrxagr6tu0snr89hcyntj3zm0tjra3pslalsvyq6aczmr7aqtsfyyv48",
        "sourcePairId": "astro-cwlunc",
        "sourceType": "primary",
        "timestamp": "2026-03-23T03:31:22Z",
        "tokenAmount": 73.210388,
        "tokenSymbol": "ASTRO",
        "txhash": "D1A68C9189904FBAE083EFA49AEACF49AD9B8C49F3159C93C48CEC90012265D1",
        "type": "BUY",
        "value": 790.0,
        "wallet": "terra1nynrxdccq0r9ghrz0sq7tjkkh8wug0ggg4lkzsags8r9dyhf7ypqx5gsr8"
      },
      {
        "amount": 1117.249853,
        "baseAmount": 11930.673519,
        "baseSymbol": "CWLUNC",
        "pairId": "astro-cwlunc",
        "price": 10.678608269192585,
        "sourceContract": "terra1nujm9zqa4hpaz9s8wrhrp86h3m9xwprjt9kmf9",
        "sourcePairId": "astro-cwlunc-ref-1",
        "sourceType": "reference",
        "timestamp": "2026-03-12T16:31:35Z",
        "tokenAmount": 1117.249853,
        "tokenSymbol": "ASTRO",
        "txhash": "CEDB49261CC19ED14F60CFC8205338E859C60C32489136FF679BD76ACD00FD19",
        "type": "BUY",
        "value": 11930.673519,
        "wallet": "terra1ydeh9exz82qrzw82ycjr6n462u5ldt8m8qt4rh"
      },
      {
        "amount": 650.343446,
        "baseAmount": 6874.140878,
        "baseSymbol": "CWLUNC",
        "pairId": "astro-cwlunc",
        "price": 10.570016381774993,
        "sourceContract": "terra1nujm9zqa4hpaz9s8wrhrp86h3m9xwprjt9kmf9",
        "sourcePairId": "astro-cwlunc-ref-1",
        "sourceType": "reference",
        "timestamp": "2026-03-12T14:14:49Z",
        "tokenAmount": 650.343446,
        "tokenSymbol": "ASTRO",
        "txhash": "0A81FE25BF82190F79AA2BA944B0135B37082CCB9EA37973C0EC764ECA31D182",
        "type": "SELL",
        "value": 6874.140878,
        "wallet": "terra1f6j6jcqjfk3gxg6kfd0v5ht782y625u349kqqz"
      },
      {
        "amount": 99.448001,
        "baseAmount": 1064.341537,
        "baseSymbol": "CWLUNC",
        "pairId": "astro-cwlunc",
        "price": 10.702493024470144,
        "sourceContract": "terra1udqrxagr6tu0snr89hcyntj3zm0tjra3pslalsvyq6aczmr7aqtsfyyv48",
        "sourcePairId": "astro-cwlunc",
        "sourceType": "primary",
        "timestamp": "2026-03-09T03:27:55Z",
        "tokenAmount": 99.448001,
        "tokenSymbol": "ASTRO",
        "txhash": "500A6AE9F0196DD92EDF6129E54D425B4311BAE778A153D436603988434C129B",
        "type": "BUY",
        "value": 1064.341537,
        "wallet": "terra1nynrxdccq0r9ghrz0sq7tjkkh8wug0ggg4lkzsags8r9dyhf7ypqx5gsr8"
      },
      {
        "amount": 100.0,
        "baseAmount": 1062.419539,
        "baseSymbol": "CWLUNC",
        "pairId": "astro-cwlunc",
        "price": 10.62419539,
        "sourceContract": "terra1udqrxagr6tu0snr89hcyntj3zm0tjra3pslalsvyq6aczmr7aqtsfyyv48",
        "sourcePairId": "astro-cwlunc",
        "sourceType": "primary",
        "timestamp": "2026-03-08T00:24:38Z",
        "tokenAmount": 100.0,
        "tokenSymbol": "ASTRO",
        "txhash": "A52C7C2BAF1A38529A5BAF47CE4DDD624B6D9A6B0A039D98DD1F1BE9B468DB92",
        "type": "SELL",
        "value": 1062.419539,
        "wallet": "terra1nynrxdccq0r9ghrz0sq7tjkkh8wug0ggg4lkzsags8r9dyhf7ypqx5gsr8"
      },
      {
        "amount": 93.346553,
        "baseAmount": 999.0,
        "baseSymbol": "CWLUNC",
        "pairId": "astro-cwlunc",
        "price": 10.702055597060987,
        "sourceContract": "terra1udqrxagr6tu0snr89hcyntj3zm0tjra3pslalsvyq6aczmr7aqtsfyyv48",
        "sourcePairId": "astro-cwlunc",
        "sourceType": "primary",
        "timestamp": "2026-03-08T00:19:58Z",
        "tokenAmount": 93.346553,
        "tokenSymbol": "ASTRO",
        "txhash": "88AB94F2918CFA0A09E2D4A003AFDB75222DE8D68EDFC2B585948B769BC8270F",
        "type": "BUY",
        "value": 999.0,
        "wallet": "terra1nynrxdccq0r9ghrz0sq7tjkkh8wug0ggg4lkzsags8r9dyhf7ypqx5gsr8"
      },
      {
        "amount": 21.941483,
        "baseAmount": 233.232073,
        "baseSymbol": "CWLUNC",
        "pairId": "astro-cwlunc",
        "price": 10.629731499917302,
        "sourceContract": "terra1udqrxagr6tu0snr89hcyntj3zm0tjra3pslalsvyq6aczmr7aqtsfyyv48",
        "sourcePairId": "astro-cwlunc",
        "sourceType": "primary",
        "timestamp": "2026-03-07T23:38:36Z",
        "tokenAmount": 21.941483,
        "tokenSymbol": "ASTRO",
        "txhash": "C37D853535FD4CB19CF2CA47757BE7CACBFB455B2D67D3A484814EE12E6F9171",
        "type": "SELL",
        "value": 233.232073,
        "wallet": "terra1nynrxdccq0r9ghrz0sq7tjkkh8wug0ggg4lkzsags8r9dyhf7ypqx5gsr8"
      },
      {
        "amount": 93.439934,
        "baseAmount": 1000.0,
        "baseSymbol": "CWLUNC",
        "pairId": "astro-cwlunc",
        "price": 10.702062353768358,
        "sourceContract": "terra1udqrxagr6tu0snr89hcyntj3zm0tjra3pslalsvyq6aczmr7aqtsfyyv48",
        "sourcePairId": "astro-cwlunc",
        "sourceType": "primary",
        "timestamp": "2026-03-07T23:17:18Z",
        "tokenAmount": 93.439934,
        "tokenSymbol": "ASTRO",
        "txhash": "51887F37DB13A53D414925F8FF8448A2593642DE72BE267B96A7655544B4CA0C",
        "type": "BUY",
        "value": 1000.0,
        "wallet": "terra1nynrxdccq0r9ghrz0sq7tjkkh8wug0ggg4lkzsags8r9dyhf7ypqx5gsr8"
      },
      {
        "amount": 1102.90346,
        "baseAmount": 11841.463069,
        "baseSymbol": "CWLUNC",
        "pairId": "astro-cwlunc",
        "price": 10.73662700178672,
        "sourceContract": "terra1nujm9zqa4hpaz9s8wrhrp86h3m9xwprjt9kmf9",
        "sourcePairId": "astro-cwlunc-ref-1",
        "sourceType": "reference",
        "timestamp": "2026-03-06T18:32:17Z",
        "tokenAmount": 1102.90346,
        "tokenSymbol": "ASTRO",
        "txhash": "78AAEB681027A7F986CC8076853212440DF93038C1C35CC9BE1D5CD0D19F1653",
        "type": "SELL",
        "value": 11841.463069,
        "wallet": "terra1fvlm2alm4twxa45cqlf0d4zcvgfn7qxr6sex69"
      },
      {
        "amount": 551.467354,
        "baseAmount": 6009.457167,
        "baseSymbol": "CWLUNC",
        "pairId": "astro-cwlunc",
        "price": 10.897212905553063,
        "sourceContract": "terra1nujm9zqa4hpaz9s8wrhrp86h3m9xwprjt9kmf9",
        "sourcePairId": "astro-cwlunc-ref-1",
        "sourceType": "reference",
        "timestamp": "2026-03-05T06:03:25Z",
        "tokenAmount": 551.467354,
        "tokenSymbol": "ASTRO",
        "txhash": "AE82DFBEA0356D7C7BF19A40561D231D615CA8FCAAD22C9AA2A0DB4FA0EA21F9",
        "type": "SELL",
        "value": 6009.457167,
        "wallet": "terra1fvlm2alm4twxa45cqlf0d4zcvgfn7qxr6sex69"
      },
      {
        "amount": 26.249399,
        "baseAmount": 289.256656,
        "baseSymbol": "CWLUNC",
        "pairId": "astro-cwlunc",
        "price": 11.019553476252923,
        "sourceContract": "terra1udqrxagr6tu0snr89hcyntj3zm0tjra3pslalsvyq6aczmr7aqtsfyyv48",
        "sourcePairId": "astro-cwlunc",
        "sourceType": "primary",
        "timestamp": "2026-03-05T05:23:38Z",
        "tokenAmount": 26.249399,
        "tokenSymbol": "ASTRO",
        "txhash": "E4D5562BA2C08D07B9E0E12F0CA4470105941EB7F96B2F51CB1A886025A5CDA6",
        "type": "BUY",
        "value": 289.256656,
        "wallet": "terra1nynrxdccq0r9ghrz0sq7tjkkh8wug0ggg4lkzsags8r9dyhf7ypqx5gsr8"
      },
      {
        "amount": 43.026889,
        "baseAmount": 474.191183,
        "baseSymbol": "CWLUNC",
        "pairId": "astro-cwlunc",
        "price": 11.020810335602,
        "sourceContract": "terra1udqrxagr6tu0snr89hcyntj3zm0tjra3pslalsvyq6aczmr7aqtsfyyv48",
        "sourcePairId": "astro-cwlunc",
        "sourceType": "primary",
        "timestamp": "2026-03-04T13:53:08Z",
        "tokenAmount": 43.026889,
        "tokenSymbol": "ASTRO",
        "txhash": "17EA6ECDFC787471853B1332DDA1F9C8A26BECADB859A208FD1DB5C504751CF1",
        "type": "BUY",
        "value": 474.191183,
        "wallet": "terra1nynrxdccq0r9ghrz0sq7tjkkh8wug0ggg4lkzsags8r9dyhf7ypqx5gsr8"
      },
      {
        "amount": 31.953369,
        "baseAmount": 352.125509,
        "baseSymbol": "CWLUNC",
        "pairId": "astro-cwlunc",
        "price": 11.01998067871967,
        "sourceContract": "terra1udqrxagr6tu0snr89hcyntj3zm0tjra3pslalsvyq6aczmr7aqtsfyyv48",
        "sourcePairId": "astro-cwlunc",
        "sourceType": "primary",
        "timestamp": "2026-03-03T06:27:01Z",
        "tokenAmount": 31.953369,
        "tokenSymbol": "ASTRO",
        "txhash": "28781BB55085F1F3784B29A702CE4B31272AD37BBA9F2923ABE33B73915CB56A",
        "type": "BUY",
        "value": 352.125509,
        "wallet": "terra1ghewclqpgu2j2pr76g3m3d945ldfyv58zrucp9"
      },
      {
        "amount": 1075.997366,
        "baseAmount": 11899.474488,
        "baseSymbol": "CWLUNC",
        "pairId": "astro-cwlunc",
        "price": 11.059018231834592,
        "sourceContract": "terra1nujm9zqa4hpaz9s8wrhrp86h3m9xwprjt9kmf9",
        "sourcePairId": "astro-cwlunc-ref-1",
        "sourceType": "reference",
        "timestamp": "2026-02-28T20:15:06Z",
        "tokenAmount": 1075.997366,
        "tokenSymbol": "ASTRO",
        "txhash": "F3752151E8F58E6AEF9F1453B35EDB990721D44BCA8C8E86F0FC28A05278956E",
        "type": "SELL",
        "value": 11899.474488,
        "wallet": "terra1ydeh9exz82qrzw82ycjr6n462u5ldt8m8qt4rh"
      },
      {
        "amount": 88.952907,
        "baseAmount": 1000.0,
        "baseSymbol": "CWLUNC",
        "pairId": "astro-cwlunc",
        "price": 11.241903538914137,
        "sourceContract": "terra1udqrxagr6tu0snr89hcyntj3zm0tjra3pslalsvyq6aczmr7aqtsfyyv48",
        "sourcePairId": "astro-cwlunc",
        "sourceType": "primary",
        "timestamp": "2026-02-28T18:54:14Z",
        "tokenAmount": 88.952907,
        "tokenSymbol": "ASTRO",
        "txhash": "9E4C2352EF8FE9E88D3069A7B45ED0CD391FC0DCF0413F9EBFD649CE80E7F594",
        "type": "BUY",
        "value": 1000.0,
        "wallet": "terra1ghewclqpgu2j2pr76g3m3d945ldfyv58zrucp9"
      },
      {
        "amount": 100.0,
        "baseAmount": 1116.009268,
        "baseSymbol": "CWLUNC",
        "pairId": "astro-cwlunc",
        "price": 11.16009268,
        "sourceContract": "terra1udqrxagr6tu0snr89hcyntj3zm0tjra3pslalsvyq6aczmr7aqtsfyyv48",
        "sourcePairId": "astro-cwlunc",
        "sourceType": "primary",
        "timestamp": "2026-02-28T00:41:13Z",
        "tokenAmount": 100.0,
        "tokenSymbol": "ASTRO",
        "txhash": "22FFE3A8DBF5902D20D7039C4A5CDA0F8352538DD99714369A26F48EF5EA969F",
        "type": "SELL",
        "value": 1116.009268,
        "wallet": "terra1nynrxdccq0r9ghrz0sq7tjkkh8wug0ggg4lkzsags8r9dyhf7ypqx5gsr8"
      }
    ],
    "astro-cwustc": [
      {
        "amount": 15.0,
        "baseAmount": 158.615229,
        "baseSymbol": "CWUSTC",
        "executionType": "routed",
        "pairId": "astro-cwustc",
        "price": 10.5743486,
        "sourceContract": "terra1nynrxdccq0r9ghrz0sq7tjkkh8wug0ggg4lkzsags8r9dyhf7ypqx5gsr8",
        "sourcePairId": "astro-cwustc",
        "sourceType": "routed",
        "timestamp": "2026-04-13T19:56:36Z",
        "tokenAmount": 15.0,
        "tokenSymbol": "ASTRO",
        "txhash": "9B15978F01A8088EFF0D62DEE8AD8E611BDE4E0D9FF0900DB57DFDF0D369BEB6",
        "type": "SWAP",
        "value": 158.615229,
        "wallet": ""
      }
    ],
    "astro-lunc": [
      {
        "amount": 1500.0,
        "baseAmount": 286.811595,
        "baseSymbol": "LUNC",
        "executionType": "routed",
        "pairId": "astro-lunc",
        "price": 0.19120773000000002,
        "sourceContract": "terra1nynrxdccq0r9ghrz0sq7tjkkh8wug0ggg4lkzsags8r9dyhf7ypqx5gsr8",
        "sourcePairId": "astro-lunc",
        "sourceType": "routed",
        "timestamp": "2026-05-02T01:04:01Z",
        "tokenAmount": 1500.0,
        "tokenSymbol": "ASTRO",
        "txhash": "3A0794DB72932B4DF690E86D06ACE4CF79D80A436CFBCB7336CF52ACB06A9387",
        "type": "SWAP",
        "value": 286.811595,
        "wallet": ""
      },
      {
        "amount": 349.809,
        "baseAmount": 2762.288666,
        "baseSymbol": "LUNC",
        "executionType": "routed",
        "pairId": "astro-lunc",
        "price": 7.89656259844658,
        "sourceContract": "terra1nynrxdccq0r9ghrz0sq7tjkkh8wug0ggg4lkzsags8r9dyhf7ypqx5gsr8",
        "sourcePairId": "astro-lunc",
        "sourceType": "routed",
        "timestamp": "2026-04-30T02:37:34Z",
        "tokenAmount": 349.809,
        "tokenSymbol": "ASTRO",
        "txhash": "957A091D57827B3D8CD4CB2CDE83B3B4B329CAA9DABF0F7A2584164897B6AD36",
        "type": "SWAP",
        "value": 2762.288666,
        "wallet": ""
      },
      {
        "amount": 321.0,
        "baseAmount": 139.169707,
        "baseSymbol": "LUNC",
        "executionType": "routed",
        "pairId": "astro-lunc",
        "price": 0.4335504890965732,
        "sourceContract": "terra1nynrxdccq0r9ghrz0sq7tjkkh8wug0ggg4lkzsags8r9dyhf7ypqx5gsr8",
        "sourcePairId": "astro-lunc",
        "sourceType": "routed",
        "timestamp": "2026-04-29T23:47:00Z",
        "tokenAmount": 321.0,
        "tokenSymbol": "ASTRO",
        "txhash": "6E12396D80A17D1ABE545FEF6BF64324946D3F7D8BD2EF9DF0C5D43DEC1B157D",
        "type": "SWAP",
        "value": 139.169707,
        "wallet": ""
      },
      {
        "amount": 123.0,
        "baseAmount": 113.232296,
        "baseSymbol": "LUNC",
        "executionType": "routed",
        "pairId": "astro-lunc",
        "price": 0.9205877723577236,
        "sourceContract": "terra1nynrxdccq0r9ghrz0sq7tjkkh8wug0ggg4lkzsags8r9dyhf7ypqx5gsr8",
        "sourcePairId": "astro-lunc",
        "sourceType": "routed",
        "timestamp": "2026-04-27T01:15:44Z",
        "tokenAmount": 123.0,
        "tokenSymbol": "ASTRO",
        "txhash": "6EDF3DBF10E9766C278157A5432CABC7BE877E3DA8B9892BD272F8CB52926C8D",
        "type": "SWAP",
        "value": 113.232296,
        "wallet": ""
      }
    ],
    "astro-ustc": [
      {
        "amount": 10.0,
        "baseAmount": 210.639991,
        "baseSymbol": "ASTRO",
        "pairId": "astro-ustc",
        "price": 21.0639991,
        "sourceContract": "terra1nynrxdccq0r9ghrz0sq7tjkkh8wug0ggg4lkzsags8r9dyhf7ypqx5gsr8",
        "sourcePairId": "astro-ustc",
        "sourceType": "primary",
        "timestamp": "2026-04-29T03:23:31Z",
        "tokenAmount": 10.0,
        "tokenSymbol": "USTC",
        "txhash": "0708252269F1C2D8FC582C5255CB0884E99569972ACEC3E10D468C436E425322",
        "type": "SWAP",
        "value": 210.639991,
        "wallet": ""
      }
    ],
    "astro-wavax": [],
    "cwlunc-cwustc": [
      {
        "amount": 2175.19158,
        "baseAmount": 24.0,
        "baseSymbol": "CWUSTC",
        "executionType": "direct",
        "pairId": "cwlunc-cwustc",
        "price": 0.01103351089654365,
        "sourceContract": "terra1l7vy20x940je7lskm6x9s839vjsmekz9k9mv7g",
        "sourcePairId": "cwlunc-cwustc-ref-1",
        "sourceType": "reference",
        "timestamp": "2026-05-02T11:52:32Z",
        "tokenAmount": 2175.19158,
        "tokenSymbol": "CWLUNC",
        "txhash": "9C8DC3A0E06764A22B7ACCFE99904C861281740EBAA73CFA017AB01EB92AE266",
        "type": "BUY",
        "value": 24.0,
        "wallet": "terra155pdra7nwzmveqpqnla9aaxd3l8g5qngkylrpw"
      },
      {
        "amount": 26726.164113,
        "baseAmount": 294.5874,
        "baseSymbol": "CWUSTC",
        "executionType": "direct",
        "pairId": "cwlunc-cwustc",
        "price": 0.011022434748004423,
        "sourceContract": "terra1m6ywlgn6wrjuagcmmezzz2a029gtldhey5k552",
        "sourcePairId": "cwlunc-cwustc-ref-2",
        "sourceType": "reference",
        "timestamp": "2026-05-02T11:07:52Z",
        "tokenAmount": 26726.164113,
        "tokenSymbol": "CWLUNC",
        "txhash": "0E00A9B1CD82F459952F07D24B23C57D07C1DD68E32F5EA72EE095344625FF0C",
        "type": "BUY",
        "value": 294.5874,
        "wallet": "terra1q7a9kg5xusufjfjp3v8ghsc7urfrlj8m99hlwh"
      },
      {
        "amount": 182336.498786,
        "baseAmount": 2010.251131,
        "baseSymbol": "CWUSTC",
        "executionType": "direct",
        "pairId": "cwlunc-cwustc",
        "price": 0.011024951912449189,
        "sourceContract": "terra1l7vy20x940je7lskm6x9s839vjsmekz9k9mv7g",
        "sourcePairId": "cwlunc-cwustc-ref-1",
        "sourceType": "reference",
        "timestamp": "2026-05-02T11:07:46Z",
        "tokenAmount": 182336.498786,
        "tokenSymbol": "CWLUNC",
        "txhash": "278F3EE5DF1DB0E465B6A77244D35D62507DC13E0A75D51F2C0AAF227D0345D8",
        "type": "BUY",
        "value": 2010.251131,
        "wallet": "terra1q7a9kg5xusufjfjp3v8ghsc7urfrlj8m99hlwh"
      },
      {
        "amount": 2048.047103,
        "baseAmount": 22.562066,
        "baseSymbol": "CWUSTC",
        "executionType": "direct",
        "pairId": "cwlunc-cwustc",
        "price": 0.011016380417691986,
        "sourceContract": "terra1l7vy20x940je7lskm6x9s839vjsmekz9k9mv7g",
        "sourcePairId": "cwlunc-cwustc-ref-1",
        "sourceType": "reference",
        "timestamp": "2026-05-02T11:06:59Z",
        "tokenAmount": 2048.047103,
        "tokenSymbol": "CWLUNC",
        "txhash": "A510016DB09EEC4BFCAC5E0B223C9A0D13A16EA81D7E06860F87DB7CABA53AE0",
        "type": "BUY",
        "value": 22.562066,
        "wallet": "terra1a92vlf2g6kwv4m29cy2sttn267kcgevs2j2egm"
      },
      {
        "amount": 600.0,
        "baseAmount": 6.570188,
        "baseSymbol": "CWUSTC",
        "executionType": "direct",
        "pairId": "cwlunc-cwustc",
        "price": 0.010950313333333333,
        "sourceContract": "terra1l7vy20x940je7lskm6x9s839vjsmekz9k9mv7g",
        "sourcePairId": "cwlunc-cwustc-ref-1",
        "sourceType": "reference",
        "timestamp": "2026-05-02T11:02:57Z",
        "tokenAmount": 600.0,
        "tokenSymbol": "CWLUNC",
        "txhash": "4E8742037A14CA3A6380801280DDEF690BB84B75AD7D89B50D1C06BEEF26ACF9",
        "type": "SELL",
        "value": 6.570188,
        "wallet": "terra1xwx8e5ufauznd4yc9f7kectxe5nrmfuh80rew2"
      },
      {
        "amount": 35407.22468,
        "baseAmount": 390.0,
        "baseSymbol": "CWUSTC",
        "executionType": "direct",
        "pairId": "cwlunc-cwustc",
        "price": 0.011014701195157328,
        "sourceContract": "terra1l7vy20x940je7lskm6x9s839vjsmekz9k9mv7g",
        "sourcePairId": "cwlunc-cwustc-ref-1",
        "sourceType": "reference",
        "timestamp": "2026-05-02T10:56:35Z",
        "tokenAmount": 35407.22468,
        "tokenSymbol": "CWLUNC",
        "txhash": "0A4246F664CCBAC49DACC50281A9B9E2B6E571DFC14B976ABC7BA461892B48D5",
        "type": "BUY",
        "value": 390.0,
        "wallet": "terra14qv3eec9chk0d55ldjpffjwdet3wf4tdeyvtxe"
      },
      {
        "amount": 65758.319839,
        "baseAmount": 724.0,
        "baseSymbol": "CWUSTC",
        "executionType": "direct",
        "pairId": "cwlunc-cwustc",
        "price": 0.011010013664774467,
        "sourceContract": "terra1l7vy20x940je7lskm6x9s839vjsmekz9k9mv7g",
        "sourcePairId": "cwlunc-cwustc-ref-1",
        "sourceType": "reference",
        "timestamp": "2026-05-02T10:55:48Z",
        "tokenAmount": 65758.319839,
        "tokenSymbol": "CWLUNC",
        "txhash": "23CA912D13788A7B37381926356B6013716A09B33CDE1A672CE5E10658B6FAAF",
        "type": "BUY",
        "value": 724.0,
        "wallet": "terra1t4h9v356nm4292qk97a9cjwgda36e2jv4d08lh"
      },
      {
        "amount": 45434.467719,
        "baseAmount": 500.0,
        "baseSymbol": "CWUSTC",
        "executionType": "direct",
        "pairId": "cwlunc-cwustc",
        "price": 0.011004860959137145,
        "sourceContract": "terra1l7vy20x940je7lskm6x9s839vjsmekz9k9mv7g",
        "sourcePairId": "cwlunc-cwustc-ref-1",
        "sourceType": "reference",
        "timestamp": "2026-05-02T10:49:00Z",
        "tokenAmount": 45434.467719,
        "tokenSymbol": "CWLUNC",
        "txhash": "3738D0790E31018E88202C1A3271A7A95BAA8C771EC1EDEB64FCD05C061DD32B",
        "type": "BUY",
        "value": 500.0,
        "wallet": "terra1g3zc8lwwmkrm0cz9wkgl849pdqaw6cq8lh7872"
      },
      {
        "amount": 514756.081792,
        "baseAmount": 5641.96845,
        "baseSymbol": "CWUSTC",
        "executionType": "direct",
        "pairId": "cwlunc-cwustc",
        "price": 0.01096046972453213,
        "sourceContract": "terra1l7vy20x940je7lskm6x9s839vjsmekz9k9mv7g",
        "sourcePairId": "cwlunc-cwustc-ref-1",
        "sourceType": "reference",
        "timestamp": "2026-05-02T10:47:37Z",
        "tokenAmount": 514756.081792,
        "tokenSymbol": "CWLUNC",
        "txhash": "189A5E6E84D920B2D982F4571C17E55BC1A2AECAF1B539CF6BE32D4AE6345A5F",
        "type": "SELL",
        "value": 5641.96845,
        "wallet": "terra1lcgfgkg2403lcljpmpg5tsprsum4ljyjh2k5kw"
      },
      {
        "amount": 2147.930243,
        "baseAmount": 23.98379,
        "baseSymbol": "CWUSTC",
        "executionType": "direct",
        "pairId": "cwlunc-cwustc",
        "price": 0.011166000422109612,
        "sourceContract": "terra1dlffujgmvdl7tuv3car5n9asfvvqsrxkdtrc2afvemexvnuy2wnsrf5uy0",
        "sourcePairId": "cwlunc-cwustc-ref-3",
        "sourceType": "reference",
        "timestamp": "2026-05-02T10:46:38Z",
        "tokenAmount": 2147.930243,
        "tokenSymbol": "CWLUNC",
        "txhash": "8479431F437ECD598B03DF420717735ECE20E219D4AA1E4A0F9E79F19FDADB5C",
        "type": "BUY",
        "value": 23.98379,
        "wallet": "terra1vzzt4mr4ls6hs30t9n3djtlmguv7y36v7rjnfs4fz99z57uyeqsqt0d2qu"
      },
      {
        "amount": 3370.33727,
        "baseAmount": 37.243143,
        "baseSymbol": "CWUSTC",
        "executionType": "direct",
        "pairId": "cwlunc-cwustc",
        "price": 0.011050271832290542,
        "sourceContract": "terra1l7vy20x940je7lskm6x9s839vjsmekz9k9mv7g",
        "sourcePairId": "cwlunc-cwustc-ref-1",
        "sourceType": "reference",
        "timestamp": "2026-05-02T10:43:23Z",
        "tokenAmount": 3370.33727,
        "tokenSymbol": "CWLUNC",
        "txhash": "EA75962635C6FB47204881DCC9F73D9FED133097235F3DE0B57B876E121BCB17",
        "type": "BUY",
        "value": 37.243143,
        "wallet": "terra1wxdqr5hqtvdydve9kullnsjnnfumza77azzldc"
      },
      {
        "amount": 18100.7393,
        "baseAmount": 200.0,
        "baseSymbol": "CWUSTC",
        "executionType": "direct",
        "pairId": "cwlunc-cwustc",
        "price": 0.011049272446015505,
        "sourceContract": "terra1l7vy20x940je7lskm6x9s839vjsmekz9k9mv7g",
        "sourcePairId": "cwlunc-cwustc-ref-1",
        "sourceType": "reference",
        "timestamp": "2026-05-02T10:42:42Z",
        "tokenAmount": 18100.7393,
        "tokenSymbol": "CWLUNC",
        "txhash": "26DE92733D980E7E50F01112B6466511E8D1513D5A5EEABA30344E48A8B8FB95",
        "type": "BUY",
        "value": 200.0,
        "wallet": "terra1g3zc8lwwmkrm0cz9wkgl849pdqaw6cq8lh7872"
      },
      {
        "amount": 5623.712058,
        "baseAmount": 62.131706,
        "baseSymbol": "CWUSTC",
        "executionType": "direct",
        "pairId": "cwlunc-cwustc",
        "price": 0.011048166292869612,
        "sourceContract": "terra1l7vy20x940je7lskm6x9s839vjsmekz9k9mv7g",
        "sourcePairId": "cwlunc-cwustc-ref-1",
        "sourceType": "reference",
        "timestamp": "2026-05-02T10:31:58Z",
        "tokenAmount": 5623.712058,
        "tokenSymbol": "CWLUNC",
        "txhash": "E508C7418398E20C0AB7E044182B49FE77E4576B93185BB448A3B499F394EB71",
        "type": "BUY",
        "value": 62.131706,
        "wallet": "terra18dkmqrjkvquvfru0qaz6386gkp895p9p8lmh2k"
      },
      {
        "amount": 561.19375,
        "baseAmount": 6.2,
        "baseSymbol": "CWUSTC",
        "executionType": "direct",
        "pairId": "cwlunc-cwustc",
        "price": 0.01104787784967313,
        "sourceContract": "terra1l7vy20x940je7lskm6x9s839vjsmekz9k9mv7g",
        "sourcePairId": "cwlunc-cwustc-ref-1",
        "sourceType": "reference",
        "timestamp": "2026-05-02T10:13:38Z",
        "tokenAmount": 561.19375,
        "tokenSymbol": "CWLUNC",
        "txhash": "5EAA6327E561DD50E80DAB567B2E7919D62E58AC33C2B2EC93959FF926145D72",
        "type": "BUY",
        "value": 6.2,
        "wallet": "terra1cfzy6qeq5zxhyzqkne8tcsphc4r8j9frkvrgqm"
      },
      {
        "amount": 7045.298919,
        "baseAmount": 77.651483,
        "baseSymbol": "CWUSTC",
        "executionType": "direct",
        "pairId": "cwlunc-cwustc",
        "price": 0.01102174427128803,
        "sourceContract": "terra1m6ywlgn6wrjuagcmmezzz2a029gtldhey5k552",
        "sourcePairId": "cwlunc-cwustc-ref-2",
        "sourceType": "reference",
        "timestamp": "2026-05-02T10:13:03Z",
        "tokenAmount": 7045.298919,
        "tokenSymbol": "CWLUNC",
        "txhash": "311E9B24B6D54D06A107CFF2A02DEF0B391D1E0F5C37D87540FA8BC2D9254F78",
        "type": "BUY",
        "value": 77.651483,
        "wallet": "terra1d35s7mnsfnfsvwn7lsrncyamn8z287gtwpjz53"
      },
      {
        "amount": 47638.662106,
        "baseAmount": 526.199336,
        "baseSymbol": "CWUSTC",
        "executionType": "direct",
        "pairId": "cwlunc-cwustc",
        "price": 0.011045636311724342,
        "sourceContract": "terra1l7vy20x940je7lskm6x9s839vjsmekz9k9mv7g",
        "sourcePairId": "cwlunc-cwustc-ref-1",
        "sourceType": "reference",
        "timestamp": "2026-05-02T09:58:40Z",
        "tokenAmount": 47638.662106,
        "tokenSymbol": "CWLUNC",
        "txhash": "1BCD4B2120BD0B4430E884C5E4700F7508E1AED99ED5D188C7596FCB4C597AC6",
        "type": "BUY",
        "value": 526.199336,
        "wallet": "terra1rfx4n57k4cdrzhs76xjapxjteruj2wda2c6zq7"
      },
      {
        "amount": 49750.832854,
        "baseAmount": 551.936391,
        "baseSymbol": "CWUSTC",
        "executionType": "direct",
        "pairId": "cwlunc-cwustc",
        "price": 0.011094013091594383,
        "sourceContract": "terra1dlffujgmvdl7tuv3car5n9asfvvqsrxkdtrc2afvemexvnuy2wnsrf5uy0",
        "sourcePairId": "cwlunc-cwustc-ref-3",
        "sourceType": "reference",
        "timestamp": "2026-05-02T09:46:04Z",
        "tokenAmount": 49750.832854,
        "tokenSymbol": "CWLUNC",
        "txhash": "66440F1812BF338304E770A2C148B88BB3F174CE953539200DD1FCC7645ED085",
        "type": "SELL",
        "value": 551.936391,
        "wallet": "terra1ds22k6pg5yvcd6t2mcg3kf2szcpa7fdc946gfw"
      },
      {
        "amount": 57256.880248,
        "baseAmount": 630.995532,
        "baseSymbol": "CWUSTC",
        "executionType": "direct",
        "pairId": "cwlunc-cwustc",
        "price": 0.011020431592970713,
        "sourceContract": "terra1m6ywlgn6wrjuagcmmezzz2a029gtldhey5k552",
        "sourcePairId": "cwlunc-cwustc-ref-2",
        "sourceType": "reference",
        "timestamp": "2026-05-02T09:37:29Z",
        "tokenAmount": 57256.880248,
        "tokenSymbol": "CWLUNC",
        "txhash": "6029B505125AAE2C9DD0466FB6A303737DC0FC2F9645784C939F3353400A881B",
        "type": "BUY",
        "value": 630.995532,
        "wallet": "terra1q7a9kg5xusufjfjp3v8ghsc7urfrlj8m99hlwh"
      },
      {
        "amount": 574350.362202,
        "baseAmount": 6322.192366,
        "baseSymbol": "CWUSTC",
        "executionType": "direct",
        "pairId": "cwlunc-cwustc",
        "price": 0.01100755354582065,
        "sourceContract": "terra1m6ywlgn6wrjuagcmmezzz2a029gtldhey5k552",
        "sourcePairId": "cwlunc-cwustc-ref-2",
        "sourceType": "reference",
        "timestamp": "2026-05-02T09:37:17Z",
        "tokenAmount": 574350.362202,
        "tokenSymbol": "CWLUNC",
        "txhash": "A6DFBFD40225C4F50F4E07F8591BD1B6B643FFD1556FE201D232C3856DE2A76A",
        "type": "BUY",
        "value": 6322.192366,
        "wallet": "terra1q7a9kg5xusufjfjp3v8ghsc7urfrlj8m99hlwh"
      },
      {
        "amount": 5311.630751,
        "baseAmount": 58.65723,
        "baseSymbol": "CWUSTC",
        "executionType": "direct",
        "pairId": "cwlunc-cwustc",
        "price": 0.011043167861199093,
        "sourceContract": "terra1l7vy20x940je7lskm6x9s839vjsmekz9k9mv7g",
        "sourcePairId": "cwlunc-cwustc-ref-1",
        "sourceType": "reference",
        "timestamp": "2026-05-02T09:29:18Z",
        "tokenAmount": 5311.630751,
        "tokenSymbol": "CWLUNC",
        "txhash": "3D6C57FBF054B1FA5C373B27F8953E2508214CCB0D1DDB40AB0BBC4B23D8CDBF",
        "type": "BUY",
        "value": 58.65723,
        "wallet": "terra1v7dn0r9huafz9e9mruexm8smnj8mgzrljqhgg9"
      },
      {
        "amount": 277707.954992,
        "baseAmount": 3063.126282,
        "baseSymbol": "CWUSTC",
        "executionType": "direct",
        "pairId": "cwlunc-cwustc",
        "price": 0.011030027145200938,
        "sourceContract": "terra1l7vy20x940je7lskm6x9s839vjsmekz9k9mv7g",
        "sourcePairId": "cwlunc-cwustc-ref-1",
        "sourceType": "reference",
        "timestamp": "2026-05-02T09:26:08Z",
        "tokenAmount": 277707.954992,
        "tokenSymbol": "CWLUNC",
        "txhash": "FD82A76D708651B43CDB3E87AFBDCDD38AF287472B96169E6B31233FD76F0DFD",
        "type": "BUY",
        "value": 3063.126282,
        "wallet": "terra1v7dn0r9huafz9e9mruexm8smnj8mgzrljqhgg9"
      },
      {
        "amount": 101292.128642,
        "baseAmount": 1115.471534,
        "baseSymbol": "CWUSTC",
        "executionType": "direct",
        "pairId": "cwlunc-cwustc",
        "price": 0.011012420697983815,
        "sourceContract": "terra1l7vy20x940je7lskm6x9s839vjsmekz9k9mv7g",
        "sourcePairId": "cwlunc-cwustc-ref-1",
        "sourceType": "reference",
        "timestamp": "2026-05-02T09:08:32Z",
        "tokenAmount": 101292.128642,
        "tokenSymbol": "CWLUNC",
        "txhash": "C920FFDBEB07B946825762B378055BCC28BDCE3A91B172BCF3FB450B18DE8C61",
        "type": "BUY",
        "value": 1115.471534,
        "wallet": "terra1g3zc8lwwmkrm0cz9wkgl849pdqaw6cq8lh7872"
      },
      {
        "amount": 207312.025442,
        "baseAmount": 2280.0461,
        "baseSymbol": "CWUSTC",
        "executionType": "direct",
        "pairId": "cwlunc-cwustc",
        "price": 0.010998137204722317,
        "sourceContract": "terra1l7vy20x940je7lskm6x9s839vjsmekz9k9mv7g",
        "sourcePairId": "cwlunc-cwustc-ref-1",
        "sourceType": "reference",
        "timestamp": "2026-05-02T09:07:21Z",
        "tokenAmount": 207312.025442,
        "tokenSymbol": "CWLUNC",
        "txhash": "BF38E6580171F0D65384074CEF9921919FE84835EF1D6E701D3715B7D7C651BB",
        "type": "BUY",
        "value": 2280.0461,
        "wallet": "terra1g3zc8lwwmkrm0cz9wkgl849pdqaw6cq8lh7872"
      },
      {
        "amount": 201970.049752,
        "baseAmount": 2220.0,
        "baseSymbol": "CWUSTC",
        "executionType": "direct",
        "pairId": "cwlunc-cwustc",
        "price": 0.010991728737631885,
        "sourceContract": "terra1m6ywlgn6wrjuagcmmezzz2a029gtldhey5k552",
        "sourcePairId": "cwlunc-cwustc-ref-2",
        "sourceType": "reference",
        "timestamp": "2026-05-02T09:02:26Z",
        "tokenAmount": 201970.049752,
        "tokenSymbol": "CWLUNC",
        "txhash": "53E39476AEAD5CD48D5E8E2D8164C8951F1019224D3003AE6806D96DBC0246F0",
        "type": "BUY",
        "value": 2220.0,
        "wallet": "terra1gygragtv7rhv86scnq4lkw0kw499939qer9ur5"
      },
      {
        "amount": 47189.78915,
        "baseAmount": 526.128576,
        "baseSymbol": "CWUSTC",
        "executionType": "direct",
        "pairId": "cwlunc-cwustc",
        "price": 0.011149203789142168,
        "sourceContract": "terra1dlffujgmvdl7tuv3car5n9asfvvqsrxkdtrc2afvemexvnuy2wnsrf5uy0",
        "sourcePairId": "cwlunc-cwustc-ref-3",
        "sourceType": "reference",
        "timestamp": "2026-05-02T08:40:51Z",
        "tokenAmount": 47189.78915,
        "tokenSymbol": "CWLUNC",
        "txhash": "EA7E6A59B30CB73BE3F541EAC15F0BF3DB5E4295F77BE9B394A431E9C430DF1C",
        "type": "SELL",
        "value": 526.128576,
        "wallet": "terra1q7a9kg5xusufjfjp3v8ghsc7urfrlj8m99hlwh"
      },
      {
        "amount": 47638.054717,
        "baseAmount": 535.865091,
        "baseSymbol": "CWUSTC",
        "executionType": "direct",
        "pairId": "cwlunc-cwustc",
        "price": 0.011248677012178092,
        "sourceContract": "terra1dlffujgmvdl7tuv3car5n9asfvvqsrxkdtrc2afvemexvnuy2wnsrf5uy0",
        "sourcePairId": "cwlunc-cwustc-ref-3",
        "sourceType": "reference",
        "timestamp": "2026-05-02T08:40:45Z",
        "tokenAmount": 47638.054717,
        "tokenSymbol": "CWLUNC",
        "txhash": "8CA73649227EED98B6BBE69551DD085EEADAF84B9D1DB43F31AADBA1C99D1000",
        "type": "BUY",
        "value": 535.865091,
        "wallet": "terra1ds22k6pg5yvcd6t2mcg3kf2szcpa7fdc946gfw"
      },
      {
        "amount": 2586.230967,
        "baseAmount": 28.418581,
        "baseSymbol": "CWUSTC",
        "executionType": "direct",
        "pairId": "cwlunc-cwustc",
        "price": 0.010988415714844388,
        "sourceContract": "terra1l7vy20x940je7lskm6x9s839vjsmekz9k9mv7g",
        "sourcePairId": "cwlunc-cwustc-ref-1",
        "sourceType": "reference",
        "timestamp": "2026-05-02T08:37:48Z",
        "tokenAmount": 2586.230967,
        "tokenSymbol": "CWLUNC",
        "txhash": "28B9609661E9519856E056F6D5AA700C9C408E88EA2043B5535B089C9DC2E19D",
        "type": "BUY",
        "value": 28.418581,
        "wallet": "terra1yln424nlw9q8ag98rd8z89rfjg2pasq23cqjfl"
      },
      {
        "amount": 148332.353134,
        "baseAmount": 1621.161595,
        "baseSymbol": "CWUSTC",
        "executionType": "direct",
        "pairId": "cwlunc-cwustc",
        "price": 0.010929251513562117,
        "sourceContract": "terra1l7vy20x940je7lskm6x9s839vjsmekz9k9mv7g",
        "sourcePairId": "cwlunc-cwustc-ref-1",
        "sourceType": "reference",
        "timestamp": "2026-05-02T08:34:03Z",
        "tokenAmount": 148332.353134,
        "tokenSymbol": "CWLUNC",
        "txhash": "BD76751EBDC1811BEA67CA22DF6E87FCC9D73492E5CB5E2768D57E44E7345B06",
        "type": "SELL",
        "value": 1621.161595,
        "wallet": "terra1q7a9kg5xusufjfjp3v8ghsc7urfrlj8m99hlwh"
      },
      {
        "amount": 546.069897,
        "baseAmount": 6.0,
        "baseSymbol": "CWUSTC",
        "executionType": "direct",
        "pairId": "cwlunc-cwustc",
        "price": 0.01098760439453413,
        "sourceContract": "terra1m6ywlgn6wrjuagcmmezzz2a029gtldhey5k552",
        "sourcePairId": "cwlunc-cwustc-ref-2",
        "sourceType": "reference",
        "timestamp": "2026-05-02T08:21:34Z",
        "tokenAmount": 546.069897,
        "tokenSymbol": "CWLUNC",
        "txhash": "97AB994733BEE288CEC8952A1B32EB0D32FBFD53430D8FA677FAAC7E3A07BB3D",
        "type": "BUY",
        "value": 6.0,
        "wallet": "terra15ml6mrur23t8yp474q6flwvnlrpyg3ajkdvngh"
      },
      {
        "amount": 13310.63291,
        "baseAmount": 146.248221,
        "baseSymbol": "CWUSTC",
        "executionType": "direct",
        "pairId": "cwlunc-cwustc",
        "price": 0.010987322840984276,
        "sourceContract": "terra1m6ywlgn6wrjuagcmmezzz2a029gtldhey5k552",
        "sourcePairId": "cwlunc-cwustc-ref-2",
        "sourceType": "reference",
        "timestamp": "2026-05-02T08:14:04Z",
        "tokenAmount": 13310.63291,
        "tokenSymbol": "CWLUNC",
        "txhash": "8155C3B9808967D18377E1F9B569F3229E9BD28124F27175BF135E54531E7CD0",
        "type": "BUY",
        "value": 146.248221,
        "wallet": "terra19vcrqh6nq2c6l9n68u6aeaqkh8axfag4rmf4dh"
      },
      {
        "amount": 49283.06871,
        "baseAmount": 551.610213,
        "baseSymbol": "CWUSTC",
        "executionType": "direct",
        "pairId": "cwlunc-cwustc",
        "price": 0.011192692083479637,
        "sourceContract": "terra1dlffujgmvdl7tuv3car5n9asfvvqsrxkdtrc2afvemexvnuy2wnsrf5uy0",
        "sourcePairId": "cwlunc-cwustc-ref-3",
        "sourceType": "reference",
        "timestamp": "2026-05-02T08:12:29Z",
        "tokenAmount": 49283.06871,
        "tokenSymbol": "CWLUNC",
        "txhash": "54EE427E9367BF6E14928FB1C2EEDE152A26A4752FEFC5D1F6811D488CE70328",
        "type": "BUY",
        "value": 551.610213,
        "wallet": "terra1ds22k6pg5yvcd6t2mcg3kf2szcpa7fdc946gfw"
      },
      {
        "amount": 1199.764988,
        "baseAmount": 13.393621,
        "baseSymbol": "CWUSTC",
        "executionType": "direct",
        "pairId": "cwlunc-cwustc",
        "price": 0.011163537137658164,
        "sourceContract": "terra1dlffujgmvdl7tuv3car5n9asfvvqsrxkdtrc2afvemexvnuy2wnsrf5uy0",
        "sourcePairId": "cwlunc-cwustc-ref-3",
        "sourceType": "reference",
        "timestamp": "2026-05-02T08:01:39Z",
        "tokenAmount": 1199.764988,
        "tokenSymbol": "CWLUNC",
        "txhash": "6ADBFD3670F59CE694C3823DD558CD14BD25B90EDF4FD68D55DB53AC290CE89B",
        "type": "BUY",
        "value": 13.393621,
        "wallet": "terra1vzzt4mr4ls6hs30t9n3djtlmguv7y36v7rjnfs4fz99z57uyeqsqt0d2qu"
      },
      {
        "amount": 2113.423964,
        "baseAmount": 23.251632,
        "baseSymbol": "CWUSTC",
        "executionType": "direct",
        "pairId": "cwlunc-cwustc",
        "price": 0.01100187770937947,
        "sourceContract": "terra1l7vy20x940je7lskm6x9s839vjsmekz9k9mv7g",
        "sourcePairId": "cwlunc-cwustc-ref-1",
        "sourceType": "reference",
        "timestamp": "2026-05-02T08:01:33Z",
        "tokenAmount": 2113.423964,
        "tokenSymbol": "CWLUNC",
        "txhash": "A390783ED8CE95F31A9E6F53A6638E8B8241097CD04120DF30D77AD1AB20FC03",
        "type": "BUY",
        "value": 23.251632,
        "wallet": "terra18taca9x8d4z9a0l0dudtrtye25ykyy2cps2g05"
      },
      {
        "amount": 41870.705544,
        "baseAmount": 460.0,
        "baseSymbol": "CWUSTC",
        "executionType": "direct",
        "pairId": "cwlunc-cwustc",
        "price": 0.010986201307656667,
        "sourceContract": "terra1m6ywlgn6wrjuagcmmezzz2a029gtldhey5k552",
        "sourcePairId": "cwlunc-cwustc-ref-2",
        "sourceType": "reference",
        "timestamp": "2026-05-02T07:47:57Z",
        "tokenAmount": 41870.705544,
        "tokenSymbol": "CWLUNC",
        "txhash": "921B3E6DCA66E279E11663222B7BAA35DAE4F0B69E675B51E179B58EEF589AFC",
        "type": "BUY",
        "value": 460.0,
        "wallet": "terra13k6xqn6h7jz9ywsdph3hv5pq8vp4xac465m854"
      },
      {
        "amount": 140410.46319,
        "baseAmount": 1542.057625,
        "baseSymbol": "CWUSTC",
        "executionType": "direct",
        "pairId": "cwlunc-cwustc",
        "price": 0.010982497956105487,
        "sourceContract": "terra1m6ywlgn6wrjuagcmmezzz2a029gtldhey5k552",
        "sourcePairId": "cwlunc-cwustc-ref-2",
        "sourceType": "reference",
        "timestamp": "2026-05-02T07:46:45Z",
        "tokenAmount": 140410.46319,
        "tokenSymbol": "CWLUNC",
        "txhash": "3A09B7AF26380047E92D9EF05CE511F75D19F551302E385A3D8110EE0E228EC2",
        "type": "BUY",
        "value": 1542.057625,
        "wallet": "terra1ak9s7ugpaurevr7myydqa6yae7856wf3089neh"
      },
      {
        "amount": 164797.219135,
        "baseAmount": 1808.86343,
        "baseSymbol": "CWUSTC",
        "executionType": "direct",
        "pairId": "cwlunc-cwustc",
        "price": 0.010976298262158174,
        "sourceContract": "terra1m6ywlgn6wrjuagcmmezzz2a029gtldhey5k552",
        "sourcePairId": "cwlunc-cwustc-ref-2",
        "sourceType": "reference",
        "timestamp": "2026-05-02T07:46:39Z",
        "tokenAmount": 164797.219135,
        "tokenSymbol": "CWLUNC",
        "txhash": "D5ED1CF4D734C5D5AC59E762B02DB4ED744688818E9FF0FCE719773D38175FCC",
        "type": "BUY",
        "value": 1808.86343,
        "wallet": "terra1ak9s7ugpaurevr7myydqa6yae7856wf3089neh"
      },
      {
        "amount": 164897.750831,
        "baseAmount": 1808.86343,
        "baseSymbol": "CWUSTC",
        "executionType": "direct",
        "pairId": "cwlunc-cwustc",
        "price": 0.010969606443291416,
        "sourceContract": "terra1m6ywlgn6wrjuagcmmezzz2a029gtldhey5k552",
        "sourcePairId": "cwlunc-cwustc-ref-2",
        "sourceType": "reference",
        "timestamp": "2026-05-02T07:46:34Z",
        "tokenAmount": 164897.750831,
        "tokenSymbol": "CWLUNC",
        "txhash": "C9304B28032B84791B1EC00918EB659E7982025117EA4F43A508C17EE59D195E",
        "type": "BUY",
        "value": 1808.86343,
        "wallet": "terra1ak9s7ugpaurevr7myydqa6yae7856wf3089neh"
      },
      {
        "amount": 164824.403762,
        "baseAmount": 1806.956783,
        "baseSymbol": "CWUSTC",
        "executionType": "direct",
        "pairId": "cwlunc-cwustc",
        "price": 0.01096292018510302,
        "sourceContract": "terra1m6ywlgn6wrjuagcmmezzz2a029gtldhey5k552",
        "sourcePairId": "cwlunc-cwustc-ref-2",
        "sourceType": "reference",
        "timestamp": "2026-05-02T07:46:28Z",
        "tokenAmount": 164824.403762,
        "tokenSymbol": "CWLUNC",
        "txhash": "B4CB0B306C542D6286B66AD7B6598C404262E871CE4B2E3F2C60AD0411CF4094",
        "type": "BUY",
        "value": 1806.956783,
        "wallet": "terra1ak9s7ugpaurevr7myydqa6yae7856wf3089neh"
      },
      {
        "amount": 164924.907364,
        "baseAmount": 1806.956783,
        "baseSymbol": "CWUSTC",
        "executionType": "direct",
        "pairId": "cwlunc-cwustc",
        "price": 0.010956239490327127,
        "sourceContract": "terra1m6ywlgn6wrjuagcmmezzz2a029gtldhey5k552",
        "sourcePairId": "cwlunc-cwustc-ref-2",
        "sourceType": "reference",
        "timestamp": "2026-05-02T07:46:22Z",
        "tokenAmount": 164924.907364,
        "tokenSymbol": "CWLUNC",
        "txhash": "74DA80B35E61B991A6E57A8F9F824D67E51951233F7AEEE719530F00F6EBBA09",
        "type": "BUY",
        "value": 1806.956783,
        "wallet": "terra1ak9s7ugpaurevr7myydqa6yae7856wf3089neh"
      },
      {
        "amount": 165100.107853,
        "baseAmount": 1807.773425,
        "baseSymbol": "CWUSTC",
        "executionType": "direct",
        "pairId": "cwlunc-cwustc",
