{
  "pairs": {
    "amplunc-cwlunc": [
      {
        "amount": 7888.124807,
        "baseAmount": 10463.987894,
        "baseSymbol": "CWLUNC",
        "pairId": "amplunc-cwlunc",
        "price": 1.3265494841960606,
        "sourceContract": "terra132qwlqxffksjfg6ntzp4m5786lrlmgrufzx5c6",
        "sourcePairId": "amplunc-cwlunc-ref-1",
        "sourceType": "reference",
        "timestamp": "2026-04-26T23:18:57Z",
        "tokenAmount": 7888.124807,
        "tokenSymbol": "AMPLUNC",
        "txhash": "59F51DA0271DAAB1849F702AEAA73A3B2CCA4CF62474AEEB2DC5841F271005F6",
        "type": "SELL",
        "value": 10463.987894,
        "wallet": "terra1zafpjz7h4x9cd8n5rf9lxz7tru352taxtl8jeu"
      },
      {
        "amount": 9277.821366,
        "baseAmount": 12334.324434,
        "baseSymbol": "CWLUNC",
        "pairId": "amplunc-cwlunc",
        "price": 1.3294418966936596,
        "sourceContract": "terra132qwlqxffksjfg6ntzp4m5786lrlmgrufzx5c6",
        "sourcePairId": "amplunc-cwlunc-ref-1",
        "sourceType": "reference",
        "timestamp": "2026-04-26T22:14:09Z",
        "tokenAmount": 9277.821366,
        "tokenSymbol": "AMPLUNC",
        "txhash": "1A64BB6C9EEE12C84B49BECB6174C8E61ADDA2B99B7F1EBB54A534160A297E98",
        "type": "SELL",
        "value": 12334.324434,
        "wallet": "terra1ydeh9exz82qrzw82ycjr6n462u5ldt8m8qt4rh"
      },
      {
        "amount": 9290.046077,
        "baseAmount": 12379.741783,
        "baseSymbol": "CWLUNC",
        "pairId": "amplunc-cwlunc",
        "price": 1.3325813112648999,
        "sourceContract": "terra132qwlqxffksjfg6ntzp4m5786lrlmgrufzx5c6",
        "sourcePairId": "amplunc-cwlunc-ref-1",
        "sourceType": "reference",
        "timestamp": "2026-04-26T21:32:46Z",
        "tokenAmount": 9290.046077,
        "tokenSymbol": "AMPLUNC",
        "txhash": "4661909D98F4389EED019B5492A6CD0F615D0C434E6DE40CE93D49AE60F18743",
        "type": "SELL",
        "value": 12379.741783,
        "wallet": "terra1ydeh9exz82qrzw82ycjr6n462u5ldt8m8qt4rh"
      },
      {
        "amount": 7964.093064,
        "baseAmount": 10352.779193,
        "baseSymbol": "CWLUNC",
        "pairId": "amplunc-cwlunc",
        "price": 1.299931970885367,
        "sourceContract": "terra12gkp648mkgj6esr5y6dwc2q4mftnfzk2pudka8",
        "sourcePairId": "amplunc-cwlunc-ref-2",
        "sourceType": "reference",
        "timestamp": "2026-04-26T06:38:06Z",
        "tokenAmount": 7964.093064,
        "tokenSymbol": "AMPLUNC",
        "txhash": "D56B9D3AB3579BBD73D7702A9ABE8000FA9E816C69DC39B1E78183149A1DE7D1",
        "type": "SELL",
        "value": 10352.779193,
        "wallet": "terra1q7a9kg5xusufjfjp3v8ghsc7urfrlj8m99hlwh"
      },
      {
        "amount": 9425.121558,
        "baseAmount": 12589.671086,
        "baseSymbol": "CWLUNC",
        "pairId": "amplunc-cwlunc",
        "price": 1.3357568927388468,
        "sourceContract": "terra132qwlqxffksjfg6ntzp4m5786lrlmgrufzx5c6",
        "sourcePairId": "amplunc-cwlunc-ref-1",
        "sourceType": "reference",
        "timestamp": "2026-04-24T01:48:13Z",
        "tokenAmount": 9425.121558,
        "tokenSymbol": "AMPLUNC",
        "txhash": "CDF8AC3A506D44A691477AD45BD74AA697AA86397E9196D2B9685F740F5FCF37",
        "type": "SELL",
        "value": 12589.671086,
        "wallet": "terra1ydeh9exz82qrzw82ycjr6n462u5ldt8m8qt4rh"
      },
      {
        "amount": 45045.02063,
        "baseAmount": 59725.806948,
        "baseSymbol": "CWLUNC",
        "pairId": "amplunc-cwlunc",
        "price": 1.3259136329093517,
        "sourceContract": "terra12gkp648mkgj6esr5y6dwc2q4mftnfzk2pudka8",
        "sourcePairId": "amplunc-cwlunc-ref-2",
        "sourceType": "reference",
        "timestamp": "2026-04-24T00:10:31Z",
        "tokenAmount": 45045.02063,
        "tokenSymbol": "AMPLUNC",
        "txhash": "ED826678E42EB9F6E38BD006E12F20289A16C3F7948F8E5185F883878703AE8D",
        "type": "SELL",
        "value": 59725.806948,
        "wallet": "terra1g3zc8lwwmkrm0cz9wkgl849pdqaw6cq8lh7872"
      },
      {
        "amount": 37377.09138,
        "baseAmount": 50000.0,
        "baseSymbol": "CWLUNC",
        "pairId": "amplunc-cwlunc",
        "price": 1.3377177879270283,
        "sourceContract": "terra12gkp648mkgj6esr5y6dwc2q4mftnfzk2pudka8",
        "sourcePairId": "amplunc-cwlunc-ref-2",
        "sourceType": "reference",
        "timestamp": "2026-04-24T00:09:38Z",
        "tokenAmount": 37377.09138,
        "tokenSymbol": "AMPLUNC",
        "txhash": "6EE8A1483DB6B9D7D225BD6A52E4B2A7A70C20E77B4A2F01FA92B647FA206CB0",
        "type": "BUY",
        "value": 50000.0,
        "wallet": "terra1g3zc8lwwmkrm0cz9wkgl849pdqaw6cq8lh7872"
      },
      {
        "amount": 9469.721722,
        "baseAmount": 12679.715918,
        "baseSymbol": "CWLUNC",
        "pairId": "amplunc-cwlunc",
        "price": 1.3389745010714054,
        "sourceContract": "terra132qwlqxffksjfg6ntzp4m5786lrlmgrufzx5c6",
        "sourcePairId": "amplunc-cwlunc-ref-1",
        "sourceType": "reference",
        "timestamp": "2026-04-23T23:40:31Z",
        "tokenAmount": 9469.721722,
        "tokenSymbol": "AMPLUNC",
        "txhash": "56372E3C32E3110571FD9A7CD0C4B1EFCF2F2CCA461B63D86D7C6DB309DC69FD",
        "type": "SELL",
        "value": 12679.715918,
        "wallet": "terra1ydeh9exz82qrzw82ycjr6n462u5ldt8m8qt4rh"
      },
      {
        "amount": 17932.678308,
        "baseAmount": 23812.324272,
        "baseSymbol": "CWLUNC",
        "pairId": "amplunc-cwlunc",
        "price": 1.3278732748680948,
        "sourceContract": "terra12gkp648mkgj6esr5y6dwc2q4mftnfzk2pudka8",
        "sourcePairId": "amplunc-cwlunc-ref-2",
        "sourceType": "reference",
        "timestamp": "2026-04-23T21:33:38Z",
        "tokenAmount": 17932.678308,
        "tokenSymbol": "AMPLUNC",
        "txhash": "50CA5499211A5C004DDF37380C7BD285B2C722FA58F454A5B0D667E756A10713",
        "type": "BUY",
        "value": 23812.324272,
        "wallet": "terra1g3zc8lwwmkrm0cz9wkgl849pdqaw6cq8lh7872"
      },
      {
        "amount": 9482.799979,
        "baseAmount": 12727.94339,
        "baseSymbol": "CWLUNC",
        "pairId": "amplunc-cwlunc",
        "price": 1.3422136308038224,
        "sourceContract": "terra132qwlqxffksjfg6ntzp4m5786lrlmgrufzx5c6",
        "sourcePairId": "amplunc-cwlunc-ref-1",
        "sourceType": "reference",
        "timestamp": "2026-04-23T21:13:14Z",
        "tokenAmount": 9482.799979,
        "tokenSymbol": "AMPLUNC",
        "txhash": "9FC8B76A02EE8B645818C2761C82BB54078986EFCF10DD866421AF05C702D280",
        "type": "SELL",
        "value": 12727.94339,
        "wallet": "terra1ydeh9exz82qrzw82ycjr6n462u5ldt8m8qt4rh"
      },
      {
        "amount": 9477.683347,
        "baseAmount": 12751.899773,
        "baseSymbol": "CWLUNC",
        "pairId": "amplunc-cwlunc",
        "price": 1.3454659019639432,
        "sourceContract": "terra132qwlqxffksjfg6ntzp4m5786lrlmgrufzx5c6",
        "sourcePairId": "amplunc-cwlunc-ref-1",
        "sourceType": "reference",
        "timestamp": "2026-04-23T19:45:53Z",
        "tokenAmount": 9477.683347,
        "tokenSymbol": "AMPLUNC",
        "txhash": "250A151132EAF845BB1FC87403EC517CDE3C16E307305579F013C0977C333120",
        "type": "SELL",
        "value": 12751.899773,
        "wallet": "terra1ydeh9exz82qrzw82ycjr6n462u5ldt8m8qt4rh"
      },
      {
        "amount": 61.955922,
        "baseAmount": 81.230312,
        "baseSymbol": "CWLUNC",
        "pairId": "amplunc-cwlunc",
        "price": 1.311098428976652,
        "sourceContract": "terra12gkp648mkgj6esr5y6dwc2q4mftnfzk2pudka8",
        "sourcePairId": "amplunc-cwlunc-ref-2",
        "sourceType": "reference",
        "timestamp": "2026-04-23T07:29:08Z",
        "tokenAmount": 61.955922,
        "tokenSymbol": "AMPLUNC",
        "txhash": "A2446B0BC06B78A889AAF53430A65D80A57C0291B80CFC0ED87EB367898724B5",
        "type": "SELL",
        "value": 81.230312,
        "wallet": "terra1g3zc8lwwmkrm0cz9wkgl849pdqaw6cq8lh7872"
      },
      {
        "amount": 8890.138446,
        "baseAmount": 11694.755967,
        "baseSymbol": "CWLUNC",
        "pairId": "amplunc-cwlunc",
        "price": 1.315475123141856,
        "sourceContract": "terra12gkp648mkgj6esr5y6dwc2q4mftnfzk2pudka8",
        "sourcePairId": "amplunc-cwlunc-ref-2",
        "sourceType": "reference",
        "timestamp": "2026-04-22T16:24:48Z",
        "tokenAmount": 8890.138446,
        "tokenSymbol": "AMPLUNC",
        "txhash": "4E537BDC453503AB3944A194223C3F6EDCBFC1D7F8E6B809AB45536B2C7EFCB7",
        "type": "SELL",
        "value": 11694.755967,
        "wallet": "terra1g3zc8lwwmkrm0cz9wkgl849pdqaw6cq8lh7872"
      },
      {
        "amount": 8147.318522,
        "baseAmount": 10785.999342,
        "baseSymbol": "CWLUNC",
        "pairId": "amplunc-cwlunc",
        "price": 1.323871076462131,
        "sourceContract": "terra12gkp648mkgj6esr5y6dwc2q4mftnfzk2pudka8",
        "sourcePairId": "amplunc-cwlunc-ref-2",
        "sourceType": "reference",
        "timestamp": "2026-04-22T13:39:14Z",
        "tokenAmount": 8147.318522,
        "tokenSymbol": "AMPLUNC",
        "txhash": "5FC473FEDB175D38BFFBEC67ABCA4D7F69B710DED2E20797F1B83B5D0B8B6D69",
        "type": "SELL",
        "value": 10785.999342,
        "wallet": "terra1q7a9kg5xusufjfjp3v8ghsc7urfrlj8m99hlwh"
      },
      {
        "amount": 74492.830308,
        "baseAmount": 100000.0,
        "baseSymbol": "CWLUNC",
        "pairId": "amplunc-cwlunc",
        "price": 1.3424110694483937,
        "sourceContract": "terra132qwlqxffksjfg6ntzp4m5786lrlmgrufzx5c6",
        "sourcePairId": "amplunc-cwlunc-ref-1",
        "sourceType": "reference",
        "timestamp": "2026-04-22T13:38:20Z",
        "tokenAmount": 74492.830308,
        "tokenSymbol": "AMPLUNC",
        "txhash": "FB35C3A8249C60E0D0AD1E21F3A9031355B4659D4DC01241BF21B5609BBE2579",
        "type": "BUY",
        "value": 100000.0,
        "wallet": "terra10fsmdspfdukffwv0lrjm6gc9w3fcrl9fe076cl"
      },
      {
        "amount": 1551.757883,
        "baseAmount": 2062.96864,
        "baseSymbol": "CWLUNC",
        "pairId": "amplunc-cwlunc",
        "price": 1.3294397680208208,
        "sourceContract": "terra132qwlqxffksjfg6ntzp4m5786lrlmgrufzx5c6",
        "sourcePairId": "amplunc-cwlunc-ref-1",
        "sourceType": "reference",
        "timestamp": "2026-04-21T23:56:31Z",
        "tokenAmount": 1551.757883,
        "tokenSymbol": "AMPLUNC",
        "txhash": "6CD9E0832D3F918244B2E0ED378A839958863800453E40A90F7DE6FCFE57DA0F",
        "type": "BUY",
        "value": 2062.96864,
        "wallet": "terra1ydeh9exz82qrzw82ycjr6n462u5ldt8m8qt4rh"
      },
      {
        "amount": 37813.387284,
        "baseAmount": 50199.600611,
        "baseSymbol": "CWLUNC",
        "pairId": "amplunc-cwlunc",
        "price": 1.3275615917181,
        "sourceContract": "terra132qwlqxffksjfg6ntzp4m5786lrlmgrufzx5c6",
        "sourcePairId": "amplunc-cwlunc-ref-1",
        "sourceType": "reference",
        "timestamp": "2026-04-21T23:56:02Z",
        "tokenAmount": 37813.387284,
        "tokenSymbol": "AMPLUNC",
        "txhash": "3EDF2F6AD7AE9B010C66303E377AA68C807C209D5EE6A93E281FE7C3CA50C71C",
        "type": "SELL",
        "value": 50199.600611,
        "wallet": "terra1gygragtv7rhv86scnq4lkw0kw499939qer9ur5"
      },
      {
        "amount": 56720.080925,
        "baseAmount": 76211.043518,
        "baseSymbol": "CWLUNC",
        "pairId": "amplunc-cwlunc",
        "price": 1.3436342521931972,
        "sourceContract": "terra132qwlqxffksjfg6ntzp4m5786lrlmgrufzx5c6",
        "sourcePairId": "amplunc-cwlunc-ref-1",
        "sourceType": "reference",
        "timestamp": "2026-04-21T23:55:10Z",
        "tokenAmount": 56720.080925,
        "tokenSymbol": "AMPLUNC",
        "txhash": "6EF74133A27D60EEC1655A5A3CE0A04BF1FDE100B1BF078E2E49B06B65CC60DC",
        "type": "SELL",
        "value": 76211.043518,
        "wallet": "terra1gygragtv7rhv86scnq4lkw0kw499939qer9ur5"
      },
      {
        "amount": 56720.080925,
        "baseAmount": 77326.594218,
        "baseSymbol": "CWLUNC",
        "pairId": "amplunc-cwlunc",
        "price": 1.3633019022001684,
        "sourceContract": "terra132qwlqxffksjfg6ntzp4m5786lrlmgrufzx5c6",
        "sourcePairId": "amplunc-cwlunc-ref-1",
        "sourceType": "reference",
        "timestamp": "2026-04-21T23:53:59Z",
        "tokenAmount": 56720.080925,
        "tokenSymbol": "AMPLUNC",
        "txhash": "07F7AB5A48B239B5B100C87368ED838A003141B359DC062A9F014E8304D97789",
        "type": "SELL",
        "value": 77326.594218,
        "wallet": "terra1gygragtv7rhv86scnq4lkw0kw499939qer9ur5"
      },
      {
        "amount": 56720.080925,
        "baseAmount": 78466.827486,
        "baseSymbol": "CWLUNC",
        "pairId": "amplunc-cwlunc",
        "price": 1.3834047167484713,
        "sourceContract": "terra132qwlqxffksjfg6ntzp4m5786lrlmgrufzx5c6",
        "sourcePairId": "amplunc-cwlunc-ref-1",
        "sourceType": "reference",
        "timestamp": "2026-04-21T23:53:17Z",
        "tokenAmount": 56720.080925,
        "tokenSymbol": "AMPLUNC",
        "txhash": "50B96FAC7F6941C83A35CC37CC89461D09E910BF1A92E6DCC94CE32BA86D95DF",
        "type": "SELL",
        "value": 78466.827486,
        "wallet": "terra1gygragtv7rhv86scnq4lkw0kw499939qer9ur5"
      },
      {
        "amount": 37813.387283,
        "baseAmount": 52957.332945,
        "baseSymbol": "CWLUNC",
        "pairId": "amplunc-cwlunc",
        "price": 1.4004916446300055,
        "sourceContract": "terra132qwlqxffksjfg6ntzp4m5786lrlmgrufzx5c6",
        "sourcePairId": "amplunc-cwlunc-ref-1",
        "sourceType": "reference",
        "timestamp": "2026-04-21T23:52:36Z",
        "tokenAmount": 37813.387283,
        "tokenSymbol": "AMPLUNC",
        "txhash": "D8DEEE4B93B424419CD5963E22F59B290D8E018698532D11DBD1892198D78881",
        "type": "SELL",
        "value": 52957.332945,
        "wallet": "terra1gygragtv7rhv86scnq4lkw0kw499939qer9ur5"
      },
      {
        "amount": 75626.774567,
        "baseAmount": 107499.310855,
        "baseSymbol": "CWLUNC",
        "pairId": "amplunc-cwlunc",
        "price": 1.4214451359387696,
        "sourceContract": "terra132qwlqxffksjfg6ntzp4m5786lrlmgrufzx5c6",
        "sourcePairId": "amplunc-cwlunc-ref-1",
        "sourceType": "reference",
        "timestamp": "2026-04-21T23:51:19Z",
        "tokenAmount": 75626.774567,
        "tokenSymbol": "AMPLUNC",
        "txhash": "EFC1760911CB9A3881450ECBD84F6700DA5A728C15921A4A57E6E45DB820273E",
        "type": "SELL",
        "value": 107499.310855,
        "wallet": "terra1gygragtv7rhv86scnq4lkw0kw499939qer9ur5"
      },
      {
        "amount": 75626.774567,
        "baseAmount": 109666.139796,
        "baseSymbol": "CWLUNC",
        "pairId": "amplunc-cwlunc",
        "price": 1.4500967471360757,
        "sourceContract": "terra132qwlqxffksjfg6ntzp4m5786lrlmgrufzx5c6",
        "sourcePairId": "amplunc-cwlunc-ref-1",
        "sourceType": "reference",
        "timestamp": "2026-04-21T23:50:20Z",
        "tokenAmount": 75626.774567,
        "tokenSymbol": "AMPLUNC",
        "txhash": "0F3604B26750D7A2DD01E0F2643C9A0AF702ABEAEEE1605B1C629C934A73462F",
        "type": "SELL",
        "value": 109666.139796,
        "wallet": "terra1gygragtv7rhv86scnq4lkw0kw499939qer9ur5"
      },
      {
        "amount": 699.147409,
        "baseAmount": 1024.154883,
        "baseSymbol": "CWLUNC",
        "pairId": "amplunc-cwlunc",
        "price": 1.464862588084053,
        "sourceContract": "terra132qwlqxffksjfg6ntzp4m5786lrlmgrufzx5c6",
        "sourcePairId": "amplunc-cwlunc-ref-1",
        "sourceType": "reference",
        "timestamp": "2026-04-21T23:19:52Z",
        "tokenAmount": 699.147409,
        "tokenSymbol": "AMPLUNC",
        "txhash": "8CD869E45D56ED8C19DB914F9A1B8AC6EF2271827499D89C879B03B0301A3812",
        "type": "SELL",
        "value": 1024.154883,
        "wallet": "terra10fsmdspfdukffwv0lrjm6gc9w3fcrl9fe076cl"
      },
      {
        "amount": 558.3845,
        "baseAmount": 818.093681,
        "baseSymbol": "CWLUNC",
        "pairId": "amplunc-cwlunc",
        "price": 1.4651081485965316,
        "sourceContract": "terra132qwlqxffksjfg6ntzp4m5786lrlmgrufzx5c6",
        "sourcePairId": "amplunc-cwlunc-ref-1",
        "sourceType": "reference",
        "timestamp": "2026-04-21T23:17:54Z",
        "tokenAmount": 558.3845,
        "tokenSymbol": "AMPLUNC",
        "txhash": "E32DD64F904A3E692E9032D9E030688974F990E3F5597BFE8DCED36A2CB4D65C",
        "type": "SELL",
        "value": 818.093681,
        "wallet": "terra10fsmdspfdukffwv0lrjm6gc9w3fcrl9fe076cl"
      },
      {
        "amount": 802.257668,
        "baseAmount": 1175.6074,
        "baseSymbol": "CWLUNC",
        "pairId": "amplunc-cwlunc",
        "price": 1.4653738404654304,
        "sourceContract": "terra132qwlqxffksjfg6ntzp4m5786lrlmgrufzx5c6",
        "sourcePairId": "amplunc-cwlunc-ref-1",
        "sourceType": "reference",
        "timestamp": "2026-04-21T23:15:50Z",
        "tokenAmount": 802.257668,
        "tokenSymbol": "AMPLUNC",
        "txhash": "C01093D78B24AE5C3CD30022B35A08358E8A6F9978AFE9520D7B0AA17FFA3BB2",
        "type": "SELL",
        "value": 1175.6074,
        "wallet": "terra10fsmdspfdukffwv0lrjm6gc9w3fcrl9fe076cl"
      },
      {
        "amount": 1439.926884,
        "baseAmount": 2110.661798,
        "baseSymbol": "CWLUNC",
        "pairId": "amplunc-cwlunc",
        "price": 1.4658117863156725,
        "sourceContract": "terra132qwlqxffksjfg6ntzp4m5786lrlmgrufzx5c6",
        "sourcePairId": "amplunc-cwlunc-ref-1",
        "sourceType": "reference",
        "timestamp": "2026-04-21T22:59:59Z",
        "tokenAmount": 1439.926884,
        "tokenSymbol": "AMPLUNC",
        "txhash": "F5F68F2D7E63F74D36C93EA5F1FF609CBDDC7F1D02F04F1D89134586362ED01B",
        "type": "SELL",
        "value": 2110.661798,
        "wallet": "terra10fsmdspfdukffwv0lrjm6gc9w3fcrl9fe076cl"
      },
      {
        "amount": 9002.527332,
        "baseAmount": 13214.391972,
        "baseSymbol": "CWLUNC",
        "pairId": "amplunc-cwlunc",
        "price": 1.4678535798529249,
        "sourceContract": "terra132qwlqxffksjfg6ntzp4m5786lrlmgrufzx5c6",
        "sourcePairId": "amplunc-cwlunc-ref-1",
        "sourceType": "reference",
        "timestamp": "2026-04-21T21:46:29Z",
        "tokenAmount": 9002.527332,
        "tokenSymbol": "AMPLUNC",
        "txhash": "BA1BB89645F3901D84E5297541E014A9645CF139B60FF959F85302F02E753E2A",
        "type": "SELL",
        "value": 13214.391972,
        "wallet": "terra1ydeh9exz82qrzw82ycjr6n462u5ldt8m8qt4rh"
      },
      {
        "amount": 10806.414342,
        "baseAmount": 15487.909529,
        "baseSymbol": "CWLUNC",
        "pairId": "amplunc-cwlunc",
        "price": 1.4332144815884944,
        "sourceContract": "terra12gkp648mkgj6esr5y6dwc2q4mftnfzk2pudka8",
        "sourcePairId": "amplunc-cwlunc-ref-2",
        "sourceType": "reference",
        "timestamp": "2026-04-21T21:46:05Z",
        "tokenAmount": 10806.414342,
        "tokenSymbol": "AMPLUNC",
        "txhash": "C49B3592F5F71B67818A6E36FA2B6EFEEB148ED9E83AD45B1B14635BDECB7AA9",
        "type": "SELL",
        "value": 15487.909529,
        "wallet": "terra1q7a9kg5xusufjfjp3v8ghsc7urfrlj8m99hlwh"
      },
      {
        "amount": 129008.072525,
        "baseAmount": 187500.0,
        "baseSymbol": "CWLUNC",
        "pairId": "amplunc-cwlunc",
        "price": 1.4533974218060275,
        "sourceContract": "terra132qwlqxffksjfg6ntzp4m5786lrlmgrufzx5c6",
        "sourcePairId": "amplunc-cwlunc-ref-1",
        "sourceType": "reference",
        "timestamp": "2026-04-21T21:45:59Z",
        "tokenAmount": 129008.072525,
        "tokenSymbol": "AMPLUNC",
        "txhash": "E2B73B95E83A8AD2DAF35A7080DC54E161F7866C2ABE0CDB1DA5A0F801E7312F",
        "type": "BUY",
        "value": 187500.0,
        "wallet": "terra1yz3hv2k3a5z3tuu7fufcf7xvn2aawcu7c2fzdm"
      },
      {
        "amount": 9179.233875,
        "baseAmount": 13051.453601,
        "baseSymbol": "CWLUNC",
        "pairId": "amplunc-cwlunc",
        "price": 1.421845633168378,
        "sourceContract": "terra132qwlqxffksjfg6ntzp4m5786lrlmgrufzx5c6",
        "sourcePairId": "amplunc-cwlunc-ref-1",
        "sourceType": "reference",
        "timestamp": "2026-04-21T21:23:48Z",
        "tokenAmount": 9179.233875,
        "tokenSymbol": "AMPLUNC",
        "txhash": "63F0A6C91881409E908CD0960683A6E26BA210BA8F5BA7338DA74DC393513802",
        "type": "SELL",
        "value": 13051.453601,
        "wallet": "terra1ydeh9exz82qrzw82ycjr6n462u5ldt8m8qt4rh"
      },
      {
        "amount": 11358.931917,
        "baseAmount": 15870.084996,
        "baseSymbol": "CWLUNC",
        "pairId": "amplunc-cwlunc",
        "price": 1.39714588589518,
        "sourceContract": "terra12gkp648mkgj6esr5y6dwc2q4mftnfzk2pudka8",
        "sourcePairId": "amplunc-cwlunc-ref-2",
        "sourceType": "reference",
        "timestamp": "2026-04-21T21:23:48Z",
        "tokenAmount": 11358.931917,
        "tokenSymbol": "AMPLUNC",
        "txhash": "F2CDF27B5B0CFADD1AAC14F3D81BD418DC2BA032A57B953F8FC39E03FC9A86AA",
        "type": "SELL",
        "value": 15870.084996,
        "wallet": "terra1q7a9kg5xusufjfjp3v8ghsc7urfrlj8m99hlwh"
      },
      {
        "amount": 23836.496528,
        "baseAmount": 33758.387868,
        "baseSymbol": "CWLUNC",
        "pairId": "amplunc-cwlunc",
        "price": 1.41624788812169,
        "sourceContract": "terra12gkp648mkgj6esr5y6dwc2q4mftnfzk2pudka8",
        "sourcePairId": "amplunc-cwlunc-ref-2",
        "sourceType": "reference",
        "timestamp": "2026-04-21T21:23:42Z",
        "tokenAmount": 23836.496528,
        "tokenSymbol": "AMPLUNC",
        "txhash": "FD6A89B37375DCC46EE6A2CED4AEF6DDB9A193E9FDCE1C7112052B31FFA450CC",
        "type": "SELL",
        "value": 33758.387868,
        "wallet": "terra1q7a9kg5xusufjfjp3v8ghsc7urfrlj8m99hlwh"
      },
      {
        "amount": 271193.901229,
        "baseAmount": 375000.0,
        "baseSymbol": "CWLUNC",
        "pairId": "amplunc-cwlunc",
        "price": 1.3827744587933954,
        "sourceContract": "terra132qwlqxffksjfg6ntzp4m5786lrlmgrufzx5c6",
        "sourcePairId": "amplunc-cwlunc-ref-1",
        "sourceType": "reference",
        "timestamp": "2026-04-21T21:23:36Z",
        "tokenAmount": 271193.901229,
        "tokenSymbol": "AMPLUNC",
        "txhash": "9966978C2300D7219D05853B4396644F35B14083BA7189CD0D2181D71DFBCDA6",
        "type": "BUY",
        "value": 375000.0,
        "wallet": "terra1yz3hv2k3a5z3tuu7fufcf7xvn2aawcu7c2fzdm"
      },
      {
        "amount": 56720.080925,
        "baseAmount": 75813.345929,
        "baseSymbol": "CWLUNC",
        "pairId": "amplunc-cwlunc",
        "price": 1.3366226685968008,
        "sourceContract": "terra132qwlqxffksjfg6ntzp4m5786lrlmgrufzx5c6",
        "sourcePairId": "amplunc-cwlunc-ref-1",
        "sourceType": "reference",
        "timestamp": "2026-04-21T17:32:25Z",
        "tokenAmount": 56720.080925,
        "tokenSymbol": "AMPLUNC",
        "txhash": "9228AC1D5431812FF81C6B838ED9543EF0739AA26ECEA550620E53C6065FBA5F",
        "type": "SELL",
        "value": 75813.345929,
        "wallet": "terra1gygragtv7rhv86scnq4lkw0kw499939qer9ur5"
      },
      {
        "amount": 37813.387283,
        "baseAmount": 51155.814097,
        "baseSymbol": "CWLUNC",
        "pairId": "amplunc-cwlunc",
        "price": 1.3528492889077526,
        "sourceContract": "terra132qwlqxffksjfg6ntzp4m5786lrlmgrufzx5c6",
        "sourcePairId": "amplunc-cwlunc-ref-1",
        "sourceType": "reference",
        "timestamp": "2026-04-21T17:31:02Z",
        "tokenAmount": 37813.387283,
        "tokenSymbol": "AMPLUNC",
        "txhash": "945C75F8DF8990A9E80B6B1EE5B9CD387496F2F53254FE58FE4E7A5C0AB0B8C5",
        "type": "SELL",
        "value": 51155.814097,
        "wallet": "terra1gygragtv7rhv86scnq4lkw0kw499939qer9ur5"
      },
      {
        "amount": 37813.387283,
        "baseAmount": 51654.966386,
        "baseSymbol": "CWLUNC",
        "pairId": "amplunc-cwlunc",
        "price": 1.366049700848219,
        "sourceContract": "terra132qwlqxffksjfg6ntzp4m5786lrlmgrufzx5c6",
        "sourcePairId": "amplunc-cwlunc-ref-1",
        "sourceType": "reference",
        "timestamp": "2026-04-21T17:30:03Z",
        "tokenAmount": 37813.387283,
        "tokenSymbol": "AMPLUNC",
        "txhash": "F87BF5F909E750F9E5540019D6D70949938C322895FB80A322546890C4E0B254",
        "type": "SELL",
        "value": 51654.966386,
        "wallet": "terra1gygragtv7rhv86scnq4lkw0kw499939qer9ur5"
      },
      {
        "amount": 56720.080925,
        "baseAmount": 78434.270917,
        "baseSymbol": "CWLUNC",
        "pairId": "amplunc-cwlunc",
        "price": 1.3828307301026652,
        "sourceContract": "terra132qwlqxffksjfg6ntzp4m5786lrlmgrufzx5c6",
        "sourcePairId": "amplunc-cwlunc-ref-1",
        "sourceType": "reference",
        "timestamp": "2026-04-21T17:29:05Z",
        "tokenAmount": 56720.080925,
        "tokenSymbol": "AMPLUNC",
        "txhash": "8395FC568CD227E5626169D9CA1FCF786372F9496431AB462D67B9255CDF732D",
        "type": "SELL",
        "value": 78434.270917,
        "wallet": "terra1gygragtv7rhv86scnq4lkw0kw499939qer9ur5"
      },
      {
        "amount": 56720.080925,
        "baseAmount": 79599.316472,
        "baseSymbol": "CWLUNC",
        "pairId": "amplunc-cwlunc",
        "price": 1.4033709961953833,
        "sourceContract": "terra132qwlqxffksjfg6ntzp4m5786lrlmgrufzx5c6",
        "sourcePairId": "amplunc-cwlunc-ref-1",
        "sourceType": "reference",
        "timestamp": "2026-04-21T17:27:41Z",
        "tokenAmount": 56720.080925,
        "tokenSymbol": "AMPLUNC",
        "txhash": "B624E60AE08434EAE237F9A88775BA023D3BCF65E2E12A3598E8E054F6DDA570",
        "type": "SELL",
        "value": 79599.316472,
        "wallet": "terra1gygragtv7rhv86scnq4lkw0kw499939qer9ur5"
      },
      {
        "amount": 56720.080925,
        "baseAmount": 80790.523176,
        "baseSymbol": "CWLUNC",
        "pairId": "amplunc-cwlunc",
        "price": 1.424372494863467,
        "sourceContract": "terra132qwlqxffksjfg6ntzp4m5786lrlmgrufzx5c6",
        "sourcePairId": "amplunc-cwlunc-ref-1",
        "sourceType": "reference",
        "timestamp": "2026-04-21T17:26:19Z",
        "tokenAmount": 56720.080925,
        "tokenSymbol": "AMPLUNC",
        "txhash": "C7D3ACB1BC963F3F11ACA6E577D5FE172CD7393D5A72D9B81E1AF73AB566F538",
        "type": "SELL",
        "value": 80790.523176,
        "wallet": "terra1gygragtv7rhv86scnq4lkw0kw499939qer9ur5"
      },
      {
        "amount": 24271.075675,
        "baseAmount": 35140.508778,
        "baseSymbol": "CWLUNC",
        "pairId": "amplunc-cwlunc",
        "price": 1.4478348322318435,
        "sourceContract": "terra12gkp648mkgj6esr5y6dwc2q4mftnfzk2pudka8",
        "sourcePairId": "amplunc-cwlunc-ref-2",
        "sourceType": "reference",
        "timestamp": "2026-04-21T17:15:03Z",
        "tokenAmount": 24271.075675,
        "tokenSymbol": "AMPLUNC",
        "txhash": "84FFC1BA3B2646D509B1B8876BCC9419113F2A8276ACD322FF89E720A4BD906D",
        "type": "SELL",
        "value": 35140.508778,
        "wallet": "terra1q7a9kg5xusufjfjp3v8ghsc7urfrlj8m99hlwh"
      },
      {
        "amount": 268986.810109,
        "baseAmount": 375000.0,
        "baseSymbol": "CWLUNC",
        "pairId": "amplunc-cwlunc",
        "price": 1.394120402587922,
        "sourceContract": "terra132qwlqxffksjfg6ntzp4m5786lrlmgrufzx5c6",
        "sourcePairId": "amplunc-cwlunc-ref-1",
        "sourceType": "reference",
        "timestamp": "2026-04-21T17:14:57Z",
        "tokenAmount": 268986.810109,
        "tokenSymbol": "AMPLUNC",
        "txhash": "148F57046BBED2C36AF6731CD0A29A4392DE1AD7556E724242D8B82DF2888F47",
        "type": "BUY",
        "value": 375000.0,
        "wallet": "terra1r2u8em5304u25xy0xw5ds7f40rcjqdd3e6pk06"
      },
      {
        "amount": 110.298609,
        "baseAmount": 150.600558,
        "baseSymbol": "CWLUNC",
        "pairId": "amplunc-cwlunc",
        "price": 1.3653894583566326,
        "sourceContract": "terra12gkp648mkgj6esr5y6dwc2q4mftnfzk2pudka8",
        "sourcePairId": "amplunc-cwlunc-ref-2",
        "sourceType": "reference",
        "timestamp": "2026-04-20T10:16:09Z",
        "tokenAmount": 110.298609,
        "tokenSymbol": "AMPLUNC",
        "txhash": "1791C1D32C4598A6FFDBD4E3F7FBF9DD530E0C8EC566E10C1EE71FA1839195B2",
        "type": "SELL",
        "value": 150.600558,
        "wallet": "terra1g3zc8lwwmkrm0cz9wkgl849pdqaw6cq8lh7872"
      },
      {
        "amount": 17858.904381,
        "baseAmount": 24699.706839,
        "baseSymbol": "CWLUNC",
        "pairId": "amplunc-cwlunc",
        "price": 1.3830471518330034,
        "sourceContract": "terra12gkp648mkgj6esr5y6dwc2q4mftnfzk2pudka8",
        "sourcePairId": "amplunc-cwlunc-ref-2",
        "sourceType": "reference",
        "timestamp": "2026-04-18T16:45:11Z",
        "tokenAmount": 17858.904381,
        "tokenSymbol": "AMPLUNC",
        "txhash": "1B39172E937FC0EFB7036596DE6412513746501EFBFAE66318934CE01CB31353",
        "type": "BUY",
        "value": 24699.706839,
        "wallet": "terra1g3zc8lwwmkrm0cz9wkgl849pdqaw6cq8lh7872"
      },
      {
        "amount": 87.056327,
        "baseAmount": 118.869819,
        "baseSymbol": "CWLUNC",
        "pairId": "amplunc-cwlunc",
        "price": 1.3654357253092013,
        "sourceContract": "terra12gkp648mkgj6esr5y6dwc2q4mftnfzk2pudka8",
        "sourcePairId": "amplunc-cwlunc-ref-2",
        "sourceType": "reference",
        "timestamp": "2026-04-18T11:24:34Z",
        "tokenAmount": 87.056327,
        "tokenSymbol": "AMPLUNC",
        "txhash": "465595B010BAC348BB1C2E397BD9B0F78309EA47BA85A5F3104E040DB049873C",
        "type": "SELL",
        "value": 118.869819,
        "wallet": "terra1g3zc8lwwmkrm0cz9wkgl849pdqaw6cq8lh7872"
      },
      {
        "amount": 811.519022,
        "baseAmount": 1108.455062,
        "baseSymbol": "CWLUNC",
        "pairId": "amplunc-cwlunc",
        "price": 1.3659015154915248,
        "sourceContract": "terra12gkp648mkgj6esr5y6dwc2q4mftnfzk2pudka8",
        "sourcePairId": "amplunc-cwlunc-ref-2",
        "sourceType": "reference",
        "timestamp": "2026-04-17T06:25:31Z",
        "tokenAmount": 811.519022,
        "tokenSymbol": "AMPLUNC",
        "txhash": "107FB5D571C35BAEA8D4359AF39528FC12909B7289EE7ACB7A6267C64DD0DC15",
        "type": "SELL",
        "value": 1108.455062,
        "wallet": "terra10fsmdspfdukffwv0lrjm6gc9w3fcrl9fe076cl"
      },
      {
        "amount": 1010.780313,
        "baseAmount": 1381.582833,
        "baseSymbol": "CWLUNC",
        "pairId": "amplunc-cwlunc",
        "price": 1.3668477860430983,
        "sourceContract": "terra12gkp648mkgj6esr5y6dwc2q4mftnfzk2pudka8",
        "sourcePairId": "amplunc-cwlunc-ref-2",
        "sourceType": "reference",
        "timestamp": "2026-04-17T06:09:45Z",
        "tokenAmount": 1010.780313,
        "tokenSymbol": "AMPLUNC",
        "txhash": "C8510EA72A86E4FBDC6E82CD07A3D78AB54BFE534778BAA049CA642524DEC48C",
        "type": "SELL",
        "value": 1381.582833,
        "wallet": "terra10fsmdspfdukffwv0lrjm6gc9w3fcrl9fe076cl"
      },
      {
        "amount": 8514.700357,
        "baseAmount": 11680.538571,
        "baseSymbol": "CWLUNC",
        "pairId": "amplunc-cwlunc",
        "price": 1.3718085289281308,
        "sourceContract": "terra12gkp648mkgj6esr5y6dwc2q4mftnfzk2pudka8",
        "sourcePairId": "amplunc-cwlunc-ref-2",
        "sourceType": "reference",
        "timestamp": "2026-04-17T01:32:59Z",
        "tokenAmount": 8514.700357,
        "tokenSymbol": "AMPLUNC",
        "txhash": "3F2B1C51C62AEFB9B9029FB9EBEAAD09F0E2A6493EE1DD65AF579196D4239C71",
        "type": "SELL",
        "value": 11680.538571,
        "wallet": "terra1q7a9kg5xusufjfjp3v8ghsc7urfrlj8m99hlwh"
      },
      {
        "amount": 16937.993894,
        "baseAmount": 23300.988006,
        "baseSymbol": "CWLUNC",
        "pairId": "amplunc-cwlunc",
        "price": 1.375663974837893,
        "sourceContract": "terra12gkp648mkgj6esr5y6dwc2q4mftnfzk2pudka8",
        "sourcePairId": "amplunc-cwlunc-ref-2",
        "sourceType": "reference",
        "timestamp": "2026-04-15T14:44:37Z",
        "tokenAmount": 16937.993894,
        "tokenSymbol": "AMPLUNC",
        "txhash": "70A0F0FCB83E949A381F4048F8969A5DA3AB80D060C11DE0BEA4359D73CA15DB",
        "type": "BUY",
        "value": 23300.988006,
        "wallet": "terra1q7a9kg5xusufjfjp3v8ghsc7urfrlj8m99hlwh"
      },
      {
        "amount": 17372.06643,
        "baseAmount": 23901.148353,
        "baseSymbol": "CWLUNC",
        "pairId": "amplunc-cwlunc",
        "price": 1.3758379551050337,
        "sourceContract": "terra12gkp648mkgj6esr5y6dwc2q4mftnfzk2pudka8",
        "sourcePairId": "amplunc-cwlunc-ref-2",
        "sourceType": "reference",
        "timestamp": "2026-04-15T09:02:52Z",
        "tokenAmount": 17372.06643,
        "tokenSymbol": "AMPLUNC",
        "txhash": "99238207796B02D60F96E0F679197124951DE288DD2A1DE3457A32859157EB90",
        "type": "BUY",
        "value": 23901.148353,
        "wallet": "terra1g3zc8lwwmkrm0cz9wkgl849pdqaw6cq8lh7872"
      }
    ],
    "astro-cwlunc": [
      {
        "amount": 1249.074569,
        "baseAmount": 11660.62572,
        "baseSymbol": "CWLUNC",
        "pairId": "astro-cwlunc",
        "price": 9.335411999729857,
        "sourceContract": "terra1nujm9zqa4hpaz9s8wrhrp86h3m9xwprjt9kmf9",
        "sourcePairId": "astro-cwlunc-ref-1",
        "sourceType": "reference",
        "timestamp": "2026-04-26T23:02:42Z",
        "tokenAmount": 1249.074569,
        "tokenSymbol": "ASTRO",
        "txhash": "A24278F798C2654558D84A0840FACECBAFF3DC05BF68F0F1D07EF7A08EA28291",
        "type": "SELL",
        "value": 11660.62572,
        "wallet": "terra1ydeh9exz82qrzw82ycjr6n462u5ldt8m8qt4rh"
      },
      {
        "amount": 1230.208235,
        "baseAmount": 11725.782723,
        "baseSymbol": "CWLUNC",
        "pairId": "astro-cwlunc",
        "price": 9.531543026128418,
        "sourceContract": "terra1nujm9zqa4hpaz9s8wrhrp86h3m9xwprjt9kmf9",
        "sourcePairId": "astro-cwlunc-ref-1",
        "sourceType": "reference",
        "timestamp": "2026-04-26T22:12:23Z",
        "tokenAmount": 1230.208235,
        "tokenSymbol": "ASTRO",
        "txhash": "BAF956DE0BD206A32C5FF8100AD5117C2EEDA857C55324546D09E2AA94AD2E40",
        "type": "SELL",
        "value": 11725.782723,
        "wallet": "terra1ydeh9exz82qrzw82ycjr6n462u5ldt8m8qt4rh"
      },
      {
        "amount": 1210.007849,
        "baseAmount": 11774.203227,
        "baseSymbol": "CWLUNC",
        "pairId": "astro-cwlunc",
        "price": 9.730683347823472,
        "sourceContract": "terra1nujm9zqa4hpaz9s8wrhrp86h3m9xwprjt9kmf9",
        "sourcePairId": "astro-cwlunc-ref-1",
        "sourceType": "reference",
        "timestamp": "2026-04-26T20:44:23Z",
        "tokenAmount": 1210.007849,
        "tokenSymbol": "ASTRO",
        "txhash": "DD5BF0B5D151A69852240786331DB1375EB7DBBE94E1E843D5C0145AEC643394",
        "type": "SELL",
        "value": 11774.203227,
        "wallet": "terra1ydeh9exz82qrzw82ycjr6n462u5ldt8m8qt4rh"
      },
      {
        "amount": 1192.443264,
        "baseAmount": 11844.425015,
        "baseSymbol": "CWLUNC",
        "pairId": "astro-cwlunc",
        "price": 9.932904459763044,
        "sourceContract": "terra1nujm9zqa4hpaz9s8wrhrp86h3m9xwprjt9kmf9",
        "sourcePairId": "astro-cwlunc-ref-1",
        "sourceType": "reference",
        "timestamp": "2026-04-26T18:08:42Z",
        "tokenAmount": 1192.443264,
        "tokenSymbol": "ASTRO",
        "txhash": "42A9ACC7BC87F4834997138FC00B22A1D37BE3E3B5D4B0F4C25F7B6AB13B7846",
        "type": "SELL",
        "value": 11844.425015,
        "wallet": "terra1ydeh9exz82qrzw82ycjr6n462u5ldt8m8qt4rh"
      },
      {
        "amount": 1174.602033,
        "baseAmount": 11908.556879,
        "baseSymbol": "CWLUNC",
        "pairId": "astro-cwlunc",
        "price": 10.138375845123369,
        "sourceContract": "terra1nujm9zqa4hpaz9s8wrhrp86h3m9xwprjt9kmf9",
        "sourcePairId": "astro-cwlunc-ref-1",
        "sourceType": "reference",
        "timestamp": "2026-04-25T22:25:57Z",
        "tokenAmount": 1174.602033,
        "tokenSymbol": "ASTRO",
        "txhash": "371C0C9AAD7F580E12FD09271332BB641C7F8AF2393B5138AFECFBF782462DD2",
        "type": "SELL",
        "value": 11908.556879,
        "wallet": "terra1ydeh9exz82qrzw82ycjr6n462u5ldt8m8qt4rh"
      },
      {
        "amount": 1152.286045,
        "baseAmount": 11922.288241,
        "baseSymbol": "CWLUNC",
        "pairId": "astro-cwlunc",
        "price": 10.34663944142446,
        "sourceContract": "terra1nujm9zqa4hpaz9s8wrhrp86h3m9xwprjt9kmf9",
        "sourcePairId": "astro-cwlunc-ref-1",
        "sourceType": "reference",
        "timestamp": "2026-04-24T01:48:49Z",
        "tokenAmount": 1152.286045,
        "tokenSymbol": "ASTRO",
        "txhash": "FF54F44C818F758EBFB03FC3515A4940E66FAEBCCB4AD26131436D9046D4D24D",
        "type": "SELL",
        "value": 11922.288241,
        "wallet": "terra1ydeh9exz82qrzw82ycjr6n462u5ldt8m8qt4rh"
      },
      {
        "amount": 1138.843583,
        "baseAmount": 12023.958115,
        "baseSymbol": "CWLUNC",
        "pairId": "astro-cwlunc",
        "price": 10.558041766654094,
        "sourceContract": "terra1nujm9zqa4hpaz9s8wrhrp86h3m9xwprjt9kmf9",
        "sourcePairId": "astro-cwlunc-ref-1",
        "sourceType": "reference",
        "timestamp": "2026-04-23T23:42:13Z",
        "tokenAmount": 1138.843583,
        "tokenSymbol": "ASTRO",
        "txhash": "EA8957C9410F74D7D856BE585CC458700C580920ED46C88B492884F14C2ED088",
        "type": "SELL",
        "value": 12023.958115,
        "wallet": "terra1ydeh9exz82qrzw82ycjr6n462u5ldt8m8qt4rh"
      },
      {
        "amount": 1104.715928,
        "baseAmount": 11737.359849,
        "baseSymbol": "CWLUNC",
        "pairId": "astro-cwlunc",
        "price": 10.62477651630275,
        "sourceContract": "terra1nujm9zqa4hpaz9s8wrhrp86h3m9xwprjt9kmf9",
        "sourcePairId": "astro-cwlunc-ref-1",
        "sourceType": "reference",
        "timestamp": "2026-04-15T14:44:07Z",
        "tokenAmount": 1104.715928,
        "tokenSymbol": "ASTRO",
        "txhash": "BEAD3303DBD8C6F00ECC94D5047C6D6144EB1B339731FA402EEC6BBAAB953C36",
        "type": "BUY",
        "value": 11737.359849,
        "wallet": "terra1ydeh9exz82qrzw82ycjr6n462u5ldt8m8qt4rh"
      },
      {
        "amount": 236.0454,
        "baseAmount": 2473.63845,
        "baseSymbol": "CWLUNC",
        "pairId": "astro-cwlunc",
        "price": 10.479502883767275,
        "sourceContract": "terra1nujm9zqa4hpaz9s8wrhrp86h3m9xwprjt9kmf9",
        "sourcePairId": "astro-cwlunc-ref-1",
        "sourceType": "reference",
        "timestamp": "2026-04-14T16:42:09Z",
        "tokenAmount": 236.0454,
        "tokenSymbol": "ASTRO",
        "txhash": "0907859B7EBF6A20B4A6743F1E7F6E818CC2A349F96534CCE32353C726A634F4",
        "type": "SELL",
        "value": 2473.63845,
        "wallet": "terra1ydeh9exz82qrzw82ycjr6n462u5ldt8m8qt4rh"
      },
      {
        "amount": 1138.785328,
        "baseAmount": 12080.475313,
        "baseSymbol": "CWLUNC",
        "pairId": "astro-cwlunc",
        "price": 10.608211236982148,
        "sourceContract": "terra1nujm9zqa4hpaz9s8wrhrp86h3m9xwprjt9kmf9",
        "sourcePairId": "astro-cwlunc-ref-1",
        "sourceType": "reference",
        "timestamp": "2026-04-14T03:42:55Z",
        "tokenAmount": 1138.785328,
        "tokenSymbol": "ASTRO",
        "txhash": "5657B5C498D5D2CD5D346966A3E6978FBD9D774D5F53C0D78CE2194A393720FF",
        "type": "SELL",
        "value": 12080.475313,
        "wallet": "terra1ydeh9exz82qrzw82ycjr6n462u5ldt8m8qt4rh"
      },
      {
        "amount": 92.772429,
        "baseAmount": 1000.0,
        "baseSymbol": "CWLUNC",
        "pairId": "astro-cwlunc",
        "price": 10.779064542979683,
        "sourceContract": "terra1udqrxagr6tu0snr89hcyntj3zm0tjra3pslalsvyq6aczmr7aqtsfyyv48",
        "sourcePairId": "astro-cwlunc",
        "sourceType": "primary",
        "timestamp": "2026-04-13T19:57:18Z",
        "tokenAmount": 92.772429,
        "tokenSymbol": "ASTRO",
        "txhash": "8C969AF1FBBD6C332F882D67D20CF97C1288F51CA4ECC2827C70AE6266F0EE8E",
        "type": "BUY",
        "value": 1000.0,
        "wallet": "terra1ypxlst5h5e4d64zun5nw8j9xzmghuemflu7m5h"
      },
      {
        "amount": 158.615229,
        "baseAmount": 1710.734601,
        "baseSymbol": "CWLUNC",
        "pairId": "astro-cwlunc",
        "price": 10.785437260882434,
        "sourceContract": "terra1udqrxagr6tu0snr89hcyntj3zm0tjra3pslalsvyq6aczmr7aqtsfyyv48",
        "sourcePairId": "astro-cwlunc",
        "sourceType": "primary",
        "timestamp": "2026-04-13T19:56:36Z",
        "tokenAmount": 158.615229,
        "tokenSymbol": "ASTRO",
        "txhash": "9B15978F01A8088EFF0D62DEE8AD8E611BDE4E0D9FF0900DB57DFDF0D369BEB6",
        "type": "BUY",
        "value": 1710.734601,
        "wallet": "terra1nynrxdccq0r9ghrz0sq7tjkkh8wug0ggg4lkzsags8r9dyhf7ypqx5gsr8"
      },
      {
        "amount": 92.772429,
        "baseAmount": 1000.0,
        "baseSymbol": "CWLUNC",
        "pairId": "astro-cwlunc",
        "price": 10.779064542979683,
        "sourceContract": "terra1udqrxagr6tu0snr89hcyntj3zm0tjra3pslalsvyq6aczmr7aqtsfyyv48",
        "sourcePairId": "astro-cwlunc",
        "sourceType": "primary",
        "timestamp": "2026-04-13T19:29:14Z",
        "tokenAmount": 92.772429,
        "tokenSymbol": "ASTRO",
        "txhash": "E59103C49A461357462337BE981CDC9EA532852C15CAE6481C2A7528C756F1AE",
        "type": "BUY",
        "value": 1000.0,
        "wallet": "terra1ypxlst5h5e4d64zun5nw8j9xzmghuemflu7m5h"
      },
      {
        "amount": 1112.749559,
        "baseAmount": 12044.260627,
        "baseSymbol": "CWLUNC",
        "pairId": "astro-cwlunc",
        "price": 10.823873646666616,
        "sourceContract": "terra1nujm9zqa4hpaz9s8wrhrp86h3m9xwprjt9kmf9",
        "sourcePairId": "astro-cwlunc-ref-1",
        "sourceType": "reference",
        "timestamp": "2026-04-13T12:06:27Z",
        "tokenAmount": 1112.749559,
        "tokenSymbol": "ASTRO",
        "txhash": "9162BBE309AF7BEDB2CD144BA7EB7728D635321BBC9C733FC633DDFD69ED457A",
        "type": "SELL",
        "value": 12044.260627,
        "wallet": "terra1ydeh9exz82qrzw82ycjr6n462u5ldt8m8qt4rh"
      },
      {
        "amount": 1079.846665,
        "baseAmount": 11921.802129,
        "baseSymbol": "CWLUNC",
        "pairId": "astro-cwlunc",
        "price": 11.04027313822375,
        "sourceContract": "terra1nujm9zqa4hpaz9s8wrhrp86h3m9xwprjt9kmf9",
        "sourcePairId": "astro-cwlunc-ref-1",
        "sourceType": "reference",
        "timestamp": "2026-04-12T11:08:22Z",
        "tokenAmount": 1079.846665,
        "tokenSymbol": "ASTRO",
        "txhash": "84F872DE9B8E89A49E34B5330C2759C1C7FBEE735DD942D33E9DD7634A4CC4E9",
        "type": "SELL",
        "value": 11921.802129,
        "wallet": "terra1ydeh9exz82qrzw82ycjr6n462u5ldt8m8qt4rh"
      },
      {
        "amount": 89.17271,
        "baseAmount": 1000.0,
        "baseSymbol": "CWLUNC",
        "pairId": "astro-cwlunc",
        "price": 11.214193221222054,
        "sourceContract": "terra1udqrxagr6tu0snr89hcyntj3zm0tjra3pslalsvyq6aczmr7aqtsfyyv48",
        "sourcePairId": "astro-cwlunc",
        "sourceType": "primary",
        "timestamp": "2026-04-10T04:55:43Z",
        "tokenAmount": 89.17271,
        "tokenSymbol": "ASTRO",
        "txhash": "527F67ACDC698B07F69C36E0A596654C8FED562B2CC0FE900D82782AE29EDFCC",
        "type": "BUY",
        "value": 1000.0,
        "wallet": "terra17qfdg4k5mdgat2a3ydg6kfj5u6uxcw85gkglwc"
      },
      {
        "amount": 65.686101,
        "baseAmount": 736.458311,
        "baseSymbol": "CWLUNC",
        "pairId": "astro-cwlunc",
        "price": 11.211783007184428,
        "sourceContract": "terra1udqrxagr6tu0snr89hcyntj3zm0tjra3pslalsvyq6aczmr7aqtsfyyv48",
        "sourcePairId": "astro-cwlunc",
        "sourceType": "primary",
        "timestamp": "2026-04-07T05:45:53Z",
        "tokenAmount": 65.686101,
        "tokenSymbol": "ASTRO",
        "txhash": "69B131532D3B78BBFC35AEB52E4376E2040B40CBACC491A39002A690284A7E6C",
        "type": "BUY",
        "value": 736.458311,
        "wallet": "terra1nynrxdccq0r9ghrz0sq7tjkkh8wug0ggg4lkzsags8r9dyhf7ypqx5gsr8"
      },
      {
        "amount": 1079.380223,
        "baseAmount": 12153.604714,
        "baseSymbol": "CWLUNC",
        "pairId": "astro-cwlunc",
        "price": 11.259799332083928,
        "sourceContract": "terra1nujm9zqa4hpaz9s8wrhrp86h3m9xwprjt9kmf9",
        "sourcePairId": "astro-cwlunc-ref-1",
        "sourceType": "reference",
        "timestamp": "2026-04-04T14:30:45Z",
        "tokenAmount": 1079.380223,
        "tokenSymbol": "ASTRO",
        "txhash": "B9EB74574E988CA9FCCFB43253BC63B6F5E961641AFC8E9702915E083FD5A356",
        "type": "SELL",
        "value": 12153.604714,
        "wallet": "terra1ydeh9exz82qrzw82ycjr6n462u5ldt8m8qt4rh"
      },
      {
        "amount": 1071.305866,
        "baseAmount": 12136.167609,
        "baseSymbol": "CWLUNC",
        "pairId": "astro-cwlunc",
        "price": 11.328387152693889,
        "sourceContract": "terra1nujm9zqa4hpaz9s8wrhrp86h3m9xwprjt9kmf9",
        "sourcePairId": "astro-cwlunc-ref-1",
        "sourceType": "reference",
        "timestamp": "2026-04-03T20:42:45Z",
        "tokenAmount": 1071.305866,
        "tokenSymbol": "ASTRO",
        "txhash": "BD54FB3AD640FA157E050DB7387C78ABCC079D2F9D567547CCBE5103AFDE5750",
        "type": "BUY",
        "value": 12136.167609,
        "wallet": "terra1ydeh9exz82qrzw82ycjr6n462u5ldt8m8qt4rh"
      },
      {
        "amount": 1084.736589,
        "baseAmount": 12048.370238,
        "baseSymbol": "CWLUNC",
        "pairId": "astro-cwlunc",
        "price": 11.10718524679543,
        "sourceContract": "terra1nujm9zqa4hpaz9s8wrhrp86h3m9xwprjt9kmf9",
        "sourcePairId": "astro-cwlunc-ref-1",
        "sourceType": "reference",
        "timestamp": "2026-04-03T20:25:25Z",
        "tokenAmount": 1084.736589,
        "tokenSymbol": "ASTRO",
        "txhash": "9FD6A433CA775DBE3C78160809B5B0AED8896E01798DFEB7BEF8197B7D877F6F",
        "type": "BUY",
        "value": 12048.370238,
        "wallet": "terra1ydeh9exz82qrzw82ycjr6n462u5ldt8m8qt4rh"
      },
      {
        "amount": 1082.180769,
        "baseAmount": 11786.377714,
        "baseSymbol": "CWLUNC",
        "pairId": "astro-cwlunc",
        "price": 10.891320610780507,
        "sourceContract": "terra1nujm9zqa4hpaz9s8wrhrp86h3m9xwprjt9kmf9",
        "sourcePairId": "astro-cwlunc-ref-1",
        "sourceType": "reference",
        "timestamp": "2026-04-03T20:19:26Z",
        "tokenAmount": 1082.180769,
        "tokenSymbol": "ASTRO",
        "txhash": "E18F9454C4F7D680670728737B8A4B07B619E70CDBDFF180FFCE795E4EFC9766",
        "type": "BUY",
        "value": 11786.377714,
        "wallet": "terra1ydeh9exz82qrzw82ycjr6n462u5ldt8m8qt4rh"
      },
      {
        "amount": 9.271123,
        "baseAmount": 100.0,
        "baseSymbol": "CWLUNC",
        "pairId": "astro-cwlunc",
        "price": 10.786179840349439,
        "sourceContract": "terra1udqrxagr6tu0snr89hcyntj3zm0tjra3pslalsvyq6aczmr7aqtsfyyv48",
        "sourcePairId": "astro-cwlunc",
        "sourceType": "primary",
        "timestamp": "2026-03-23T19:35:22Z",
        "tokenAmount": 9.271123,
        "tokenSymbol": "ASTRO",
        "txhash": "AA146EADF72011820240894AC77FAC0D22C9DCD31E192596DEF637C100CA53AB",
        "type": "BUY",
        "value": 100.0,
        "wallet": "terra1nynrxdccq0r9ghrz0sq7tjkkh8wug0ggg4lkzsags8r9dyhf7ypqx5gsr8"
      },
      {
        "amount": 73.210388,
        "baseAmount": 790.0,
        "baseSymbol": "CWLUNC",
        "pairId": "astro-cwlunc",
        "price": 10.790818374026376,
        "sourceContract": "terra1udqrxagr6tu0snr89hcyntj3zm0tjra3pslalsvyq6aczmr7aqtsfyyv48",
        "sourcePairId": "astro-cwlunc",
        "sourceType": "primary",
        "timestamp": "2026-03-23T03:31:22Z",
        "tokenAmount": 73.210388,
        "tokenSymbol": "ASTRO",
        "txhash": "D1A68C9189904FBAE083EFA49AEACF49AD9B8C49F3159C93C48CEC90012265D1",
        "type": "BUY",
        "value": 790.0,
        "wallet": "terra1nynrxdccq0r9ghrz0sq7tjkkh8wug0ggg4lkzsags8r9dyhf7ypqx5gsr8"
      },
      {
        "amount": 1117.249853,
        "baseAmount": 11930.673519,
        "baseSymbol": "CWLUNC",
        "pairId": "astro-cwlunc",
        "price": 10.678608269192585,
        "sourceContract": "terra1nujm9zqa4hpaz9s8wrhrp86h3m9xwprjt9kmf9",
        "sourcePairId": "astro-cwlunc-ref-1",
        "sourceType": "reference",
        "timestamp": "2026-03-12T16:31:35Z",
        "tokenAmount": 1117.249853,
        "tokenSymbol": "ASTRO",
        "txhash": "CEDB49261CC19ED14F60CFC8205338E859C60C32489136FF679BD76ACD00FD19",
        "type": "BUY",
        "value": 11930.673519,
        "wallet": "terra1ydeh9exz82qrzw82ycjr6n462u5ldt8m8qt4rh"
      },
      {
        "amount": 650.343446,
        "baseAmount": 6874.140878,
        "baseSymbol": "CWLUNC",
        "pairId": "astro-cwlunc",
        "price": 10.570016381774993,
        "sourceContract": "terra1nujm9zqa4hpaz9s8wrhrp86h3m9xwprjt9kmf9",
        "sourcePairId": "astro-cwlunc-ref-1",
        "sourceType": "reference",
        "timestamp": "2026-03-12T14:14:49Z",
        "tokenAmount": 650.343446,
        "tokenSymbol": "ASTRO",
        "txhash": "0A81FE25BF82190F79AA2BA944B0135B37082CCB9EA37973C0EC764ECA31D182",
        "type": "SELL",
        "value": 6874.140878,
        "wallet": "terra1f6j6jcqjfk3gxg6kfd0v5ht782y625u349kqqz"
      },
      {
        "amount": 99.448001,
        "baseAmount": 1064.341537,
        "baseSymbol": "CWLUNC",
        "pairId": "astro-cwlunc",
        "price": 10.702493024470144,
        "sourceContract": "terra1udqrxagr6tu0snr89hcyntj3zm0tjra3pslalsvyq6aczmr7aqtsfyyv48",
        "sourcePairId": "astro-cwlunc",
        "sourceType": "primary",
        "timestamp": "2026-03-09T03:27:55Z",
        "tokenAmount": 99.448001,
        "tokenSymbol": "ASTRO",
        "txhash": "500A6AE9F0196DD92EDF6129E54D425B4311BAE778A153D436603988434C129B",
        "type": "BUY",
        "value": 1064.341537,
        "wallet": "terra1nynrxdccq0r9ghrz0sq7tjkkh8wug0ggg4lkzsags8r9dyhf7ypqx5gsr8"
      },
      {
        "amount": 100.0,
        "baseAmount": 1062.419539,
        "baseSymbol": "CWLUNC",
        "pairId": "astro-cwlunc",
        "price": 10.62419539,
        "sourceContract": "terra1udqrxagr6tu0snr89hcyntj3zm0tjra3pslalsvyq6aczmr7aqtsfyyv48",
        "sourcePairId": "astro-cwlunc",
        "sourceType": "primary",
        "timestamp": "2026-03-08T00:24:38Z",
        "tokenAmount": 100.0,
        "tokenSymbol": "ASTRO",
        "txhash": "A52C7C2BAF1A38529A5BAF47CE4DDD624B6D9A6B0A039D98DD1F1BE9B468DB92",
        "type": "SELL",
        "value": 1062.419539,
        "wallet": "terra1nynrxdccq0r9ghrz0sq7tjkkh8wug0ggg4lkzsags8r9dyhf7ypqx5gsr8"
      },
      {
        "amount": 93.346553,
        "baseAmount": 999.0,
        "baseSymbol": "CWLUNC",
        "pairId": "astro-cwlunc",
        "price": 10.702055597060987,
        "sourceContract": "terra1udqrxagr6tu0snr89hcyntj3zm0tjra3pslalsvyq6aczmr7aqtsfyyv48",
        "sourcePairId": "astro-cwlunc",
        "sourceType": "primary",
        "timestamp": "2026-03-08T00:19:58Z",
        "tokenAmount": 93.346553,
        "tokenSymbol": "ASTRO",
        "txhash": "88AB94F2918CFA0A09E2D4A003AFDB75222DE8D68EDFC2B585948B769BC8270F",
        "type": "BUY",
        "value": 999.0,
        "wallet": "terra1nynrxdccq0r9ghrz0sq7tjkkh8wug0ggg4lkzsags8r9dyhf7ypqx5gsr8"
      },
      {
        "amount": 21.941483,
        "baseAmount": 233.232073,
        "baseSymbol": "CWLUNC",
        "pairId": "astro-cwlunc",
        "price": 10.629731499917302,
        "sourceContract": "terra1udqrxagr6tu0snr89hcyntj3zm0tjra3pslalsvyq6aczmr7aqtsfyyv48",
        "sourcePairId": "astro-cwlunc",
        "sourceType": "primary",
        "timestamp": "2026-03-07T23:38:36Z",
        "tokenAmount": 21.941483,
        "tokenSymbol": "ASTRO",
        "txhash": "C37D853535FD4CB19CF2CA47757BE7CACBFB455B2D67D3A484814EE12E6F9171",
        "type": "SELL",
        "value": 233.232073,
        "wallet": "terra1nynrxdccq0r9ghrz0sq7tjkkh8wug0ggg4lkzsags8r9dyhf7ypqx5gsr8"
      },
      {
        "amount": 93.439934,
        "baseAmount": 1000.0,
        "baseSymbol": "CWLUNC",
        "pairId": "astro-cwlunc",
        "price": 10.702062353768358,
        "sourceContract": "terra1udqrxagr6tu0snr89hcyntj3zm0tjra3pslalsvyq6aczmr7aqtsfyyv48",
        "sourcePairId": "astro-cwlunc",
        "sourceType": "primary",
        "timestamp": "2026-03-07T23:17:18Z",
        "tokenAmount": 93.439934,
        "tokenSymbol": "ASTRO",
        "txhash": "51887F37DB13A53D414925F8FF8448A2593642DE72BE267B96A7655544B4CA0C",
        "type": "BUY",
        "value": 1000.0,
        "wallet": "terra1nynrxdccq0r9ghrz0sq7tjkkh8wug0ggg4lkzsags8r9dyhf7ypqx5gsr8"
      },
      {
        "amount": 1102.90346,
        "baseAmount": 11841.463069,
        "baseSymbol": "CWLUNC",
        "pairId": "astro-cwlunc",
        "price": 10.73662700178672,
        "sourceContract": "terra1nujm9zqa4hpaz9s8wrhrp86h3m9xwprjt9kmf9",
        "sourcePairId": "astro-cwlunc-ref-1",
        "sourceType": "reference",
        "timestamp": "2026-03-06T18:32:17Z",
        "tokenAmount": 1102.90346,
        "tokenSymbol": "ASTRO",
        "txhash": "78AAEB681027A7F986CC8076853212440DF93038C1C35CC9BE1D5CD0D19F1653",
        "type": "SELL",
        "value": 11841.463069,
        "wallet": "terra1fvlm2alm4twxa45cqlf0d4zcvgfn7qxr6sex69"
      },
      {
        "amount": 551.467354,
        "baseAmount": 6009.457167,
        "baseSymbol": "CWLUNC",
        "pairId": "astro-cwlunc",
        "price": 10.897212905553063,
        "sourceContract": "terra1nujm9zqa4hpaz9s8wrhrp86h3m9xwprjt9kmf9",
        "sourcePairId": "astro-cwlunc-ref-1",
        "sourceType": "reference",
        "timestamp": "2026-03-05T06:03:25Z",
        "tokenAmount": 551.467354,
        "tokenSymbol": "ASTRO",
        "txhash": "AE82DFBEA0356D7C7BF19A40561D231D615CA8FCAAD22C9AA2A0DB4FA0EA21F9",
        "type": "SELL",
        "value": 6009.457167,
        "wallet": "terra1fvlm2alm4twxa45cqlf0d4zcvgfn7qxr6sex69"
      },
      {
        "amount": 26.249399,
        "baseAmount": 289.256656,
        "baseSymbol": "CWLUNC",
        "pairId": "astro-cwlunc",
        "price": 11.019553476252923,
        "sourceContract": "terra1udqrxagr6tu0snr89hcyntj3zm0tjra3pslalsvyq6aczmr7aqtsfyyv48",
        "sourcePairId": "astro-cwlunc",
        "sourceType": "primary",
        "timestamp": "2026-03-05T05:23:38Z",
        "tokenAmount": 26.249399,
        "tokenSymbol": "ASTRO",
        "txhash": "E4D5562BA2C08D07B9E0E12F0CA4470105941EB7F96B2F51CB1A886025A5CDA6",
        "type": "BUY",
        "value": 289.256656,
        "wallet": "terra1nynrxdccq0r9ghrz0sq7tjkkh8wug0ggg4lkzsags8r9dyhf7ypqx5gsr8"
      },
      {
        "amount": 43.026889,
        "baseAmount": 474.191183,
        "baseSymbol": "CWLUNC",
        "pairId": "astro-cwlunc",
        "price": 11.020810335602,
        "sourceContract": "terra1udqrxagr6tu0snr89hcyntj3zm0tjra3pslalsvyq6aczmr7aqtsfyyv48",
        "sourcePairId": "astro-cwlunc",
        "sourceType": "primary",
        "timestamp": "2026-03-04T13:53:08Z",
        "tokenAmount": 43.026889,
        "tokenSymbol": "ASTRO",
        "txhash": "17EA6ECDFC787471853B1332DDA1F9C8A26BECADB859A208FD1DB5C504751CF1",
        "type": "BUY",
        "value": 474.191183,
        "wallet": "terra1nynrxdccq0r9ghrz0sq7tjkkh8wug0ggg4lkzsags8r9dyhf7ypqx5gsr8"
      },
      {
        "amount": 31.953369,
        "baseAmount": 352.125509,
        "baseSymbol": "CWLUNC",
        "pairId": "astro-cwlunc",
        "price": 11.01998067871967,
        "sourceContract": "terra1udqrxagr6tu0snr89hcyntj3zm0tjra3pslalsvyq6aczmr7aqtsfyyv48",
        "sourcePairId": "astro-cwlunc",
        "sourceType": "primary",
        "timestamp": "2026-03-03T06:27:01Z",
        "tokenAmount": 31.953369,
        "tokenSymbol": "ASTRO",
        "txhash": "28781BB55085F1F3784B29A702CE4B31272AD37BBA9F2923ABE33B73915CB56A",
        "type": "BUY",
        "value": 352.125509,
        "wallet": "terra1ghewclqpgu2j2pr76g3m3d945ldfyv58zrucp9"
      },
      {
        "amount": 1075.997366,
        "baseAmount": 11899.474488,
        "baseSymbol": "CWLUNC",
        "pairId": "astro-cwlunc",
        "price": 11.059018231834592,
        "sourceContract": "terra1nujm9zqa4hpaz9s8wrhrp86h3m9xwprjt9kmf9",
        "sourcePairId": "astro-cwlunc-ref-1",
        "sourceType": "reference",
        "timestamp": "2026-02-28T20:15:06Z",
        "tokenAmount": 1075.997366,
        "tokenSymbol": "ASTRO",
        "txhash": "F3752151E8F58E6AEF9F1453B35EDB990721D44BCA8C8E86F0FC28A05278956E",
        "type": "SELL",
        "value": 11899.474488,
        "wallet": "terra1ydeh9exz82qrzw82ycjr6n462u5ldt8m8qt4rh"
      },
      {
        "amount": 88.952907,
        "baseAmount": 1000.0,
        "baseSymbol": "CWLUNC",
        "pairId": "astro-cwlunc",
        "price": 11.241903538914137,
        "sourceContract": "terra1udqrxagr6tu0snr89hcyntj3zm0tjra3pslalsvyq6aczmr7aqtsfyyv48",
        "sourcePairId": "astro-cwlunc",
        "sourceType": "primary",
        "timestamp": "2026-02-28T18:54:14Z",
        "tokenAmount": 88.952907,
        "tokenSymbol": "ASTRO",
        "txhash": "9E4C2352EF8FE9E88D3069A7B45ED0CD391FC0DCF0413F9EBFD649CE80E7F594",
        "type": "BUY",
        "value": 1000.0,
        "wallet": "terra1ghewclqpgu2j2pr76g3m3d945ldfyv58zrucp9"
      },
      {
        "amount": 100.0,
        "baseAmount": 1116.009268,
        "baseSymbol": "CWLUNC",
        "pairId": "astro-cwlunc",
        "price": 11.16009268,
        "sourceContract": "terra1udqrxagr6tu0snr89hcyntj3zm0tjra3pslalsvyq6aczmr7aqtsfyyv48",
        "sourcePairId": "astro-cwlunc",
        "sourceType": "primary",
        "timestamp": "2026-02-28T00:41:13Z",
        "tokenAmount": 100.0,
        "tokenSymbol": "ASTRO",
        "txhash": "22FFE3A8DBF5902D20D7039C4A5CDA0F8352538DD99714369A26F48EF5EA969F",
        "type": "SELL",
        "value": 1116.009268,
        "wallet": "terra1nynrxdccq0r9ghrz0sq7tjkkh8wug0ggg4lkzsags8r9dyhf7ypqx5gsr8"
      },
      {
        "amount": 100.0,
        "baseAmount": 1116.009268,
        "baseSymbol": "CWLUNC",
        "pairId": "astro-cwlunc",
        "price": 11.16009268,
        "sourceContract": "terra1udqrxagr6tu0snr89hcyntj3zm0tjra3pslalsvyq6aczmr7aqtsfyyv48",
        "sourcePairId": "astro-cwlunc",
        "sourceType": "primary",
        "timestamp": "2026-02-28T00:40:34Z",
        "tokenAmount": 100.0,
        "tokenSymbol": "ASTRO",
        "txhash": "AFE80AED212018C6FC3E83508C0E827B5F2301C9942862A53BD79E2B6B53413B",
        "type": "SELL",
        "value": 1116.009268,
        "wallet": "terra1nynrxdccq0r9ghrz0sq7tjkkh8wug0ggg4lkzsags8r9dyhf7ypqx5gsr8"
      },
      {
        "amount": 223.752977,
        "baseAmount": 2517.739249,
        "baseSymbol": "CWLUNC",
        "pairId": "astro-cwlunc",
        "price": 11.25231620493702,
        "sourceContract": "terra1udqrxagr6tu0snr89hcyntj3zm0tjra3pslalsvyq6aczmr7aqtsfyyv48",
        "sourcePairId": "astro-cwlunc",
        "sourceType": "primary",
        "timestamp": "2026-02-28T00:37:47Z",
        "tokenAmount": 223.752977,
        "tokenSymbol": "ASTRO",
        "txhash": "0898AC67D5590C206C0EA458E71E4603A322F7364881F795D88D19CCADEEFB70",
        "type": "BUY",
        "value": 2517.739249,
        "wallet": "terra1nynrxdccq0r9ghrz0sq7tjkkh8wug0ggg4lkzsags8r9dyhf7ypqx5gsr8"
      },
      {
        "amount": 87.52445,
        "baseAmount": 983.931778,
        "baseSymbol": "CWLUNC",
        "pairId": "astro-cwlunc",
        "price": 11.241793327464498,
        "sourceContract": "terra1udqrxagr6tu0snr89hcyntj3zm0tjra3pslalsvyq6aczmr7aqtsfyyv48",
        "sourcePairId": "astro-cwlunc",
        "sourceType": "primary",
        "timestamp": "2026-02-27T13:06:04Z",
        "tokenAmount": 87.52445,
        "tokenSymbol": "ASTRO",
        "txhash": "A382B5381C11ECCB39B6AB1D171E79D38C0D79AB7D068207D537EB51874AB7A8",
        "type": "BUY",
        "value": 983.931778,
        "wallet": "terra1nynrxdccq0r9ghrz0sq7tjkkh8wug0ggg4lkzsags8r9dyhf7ypqx5gsr8"
      },
      {
        "amount": 88.952907,
        "baseAmount": 992.797676,
        "baseSymbol": "CWLUNC",
        "pairId": "astro-cwlunc",
        "price": 11.16093570725013,
        "sourceContract": "terra1udqrxagr6tu0snr89hcyntj3zm0tjra3pslalsvyq6aczmr7aqtsfyyv48",
        "sourcePairId": "astro-cwlunc",
        "sourceType": "primary",
        "timestamp": "2026-02-27T12:59:39Z",
        "tokenAmount": 88.952907,
        "tokenSymbol": "ASTRO",
        "txhash": "2F32EB6868A05A7D15B5211E2FF5E635A33A8A43C1467846EDD038A35B800EC1",
        "type": "SELL",
        "value": 992.797676,
        "wallet": "terra1nynrxdccq0r9ghrz0sq7tjkkh8wug0ggg4lkzsags8r9dyhf7ypqx5gsr8"
      },
      {
        "amount": 88.952907,
        "baseAmount": 1000.0,
        "baseSymbol": "CWLUNC",
        "pairId": "astro-cwlunc",
        "price": 11.241903538914137,
        "sourceContract": "terra1udqrxagr6tu0snr89hcyntj3zm0tjra3pslalsvyq6aczmr7aqtsfyyv48",
        "sourcePairId": "astro-cwlunc",
        "sourceType": "primary",
        "timestamp": "2026-02-27T12:57:44Z",
        "tokenAmount": 88.952907,
        "tokenSymbol": "ASTRO",
        "txhash": "EB0C91500CC2051361B8BD57504DC488D55841E9D4C940ED25784227BD27F323",
        "type": "BUY",
        "value": 1000.0,
        "wallet": "terra177uthd64uudlhk0fpd3dr2m2m3yc4rlp7gk40u"
      },
      {
        "amount": 1082.015056,
        "baseAmount": 12204.049369,
        "baseSymbol": "CWLUNC",
        "pairId": "astro-cwlunc",
        "price": 11.279001434708318,
        "sourceContract": "terra1nujm9zqa4hpaz9s8wrhrp86h3m9xwprjt9kmf9",
        "sourcePairId": "astro-cwlunc-ref-1",
        "sourceType": "reference",
        "timestamp": "2026-02-27T05:33:31Z",
        "tokenAmount": 1082.015056,
        "tokenSymbol": "ASTRO",
        "txhash": "D80AD20569C2F235794ECF8A22D82C072378E72B0C129430FD97967546511CA4",
        "type": "SELL",
        "value": 12204.049369,
        "wallet": "terra1ydeh9exz82qrzw82ycjr6n462u5ldt8m8qt4rh"
      },
      {
        "amount": 1068.70212,
        "baseAmount": 12295.237232,
        "baseSymbol": "CWLUNC",
        "pairId": "astro-cwlunc",
        "price": 11.50483095514024,
        "sourceContract": "terra1nujm9zqa4hpaz9s8wrhrp86h3m9xwprjt9kmf9",
        "sourcePairId": "astro-cwlunc-ref-1",
        "sourceType": "reference",
        "timestamp": "2026-02-27T05:12:04Z",
        "tokenAmount": 1068.70212,
        "tokenSymbol": "ASTRO",
        "txhash": "8C55927769C2B6221A9BD50BFA79197D0381A42482B2DEC1BFADDE9D9BB9D909",
        "type": "SELL",
        "value": 12295.237232,
        "wallet": "terra1ydeh9exz82qrzw82ycjr6n462u5ldt8m8qt4rh"
      },
      {
        "amount": 1052.293169,
        "baseAmount": 12347.869887,
        "baseSymbol": "CWLUNC",
        "pairId": "astro-cwlunc",
        "price": 11.734248829852472,
        "sourceContract": "terra1nujm9zqa4hpaz9s8wrhrp86h3m9xwprjt9kmf9",
        "sourcePairId": "astro-cwlunc-ref-1",
        "sourceType": "reference",
        "timestamp": "2026-02-27T04:37:46Z",
        "tokenAmount": 1052.293169,
        "tokenSymbol": "ASTRO",
        "txhash": "8E077A30553F76DFAC69069B52927D6D54F873965ED13AF3F5D6A378CC329C40",
        "type": "SELL",
        "value": 12347.869887,
        "wallet": "terra1ydeh9exz82qrzw82ycjr6n462u5ldt8m8qt4rh"
      },
      {
        "amount": 1020.187572,
        "baseAmount": 12206.654173,
        "baseSymbol": "CWLUNC",
        "pairId": "astro-cwlunc",
        "price": 11.965107699822088,
        "sourceContract": "terra1nujm9zqa4hpaz9s8wrhrp86h3m9xwprjt9kmf9",
        "sourcePairId": "astro-cwlunc-ref-1",
        "sourceType": "reference",
        "timestamp": "2026-02-27T03:37:18Z",
        "tokenAmount": 1020.187572,
        "tokenSymbol": "ASTRO",
        "txhash": "6453E98CD336D5A480576758DF3C210C340600D11BA6082C56278505EC885600",
        "type": "SELL",
        "value": 12206.654173,
        "wallet": "terra1ydeh9exz82qrzw82ycjr6n462u5ldt8m8qt4rh"
      },
      {
        "amount": 1041.746329,
        "baseAmount": 12711.019748,
        "baseSymbol": "CWLUNC",
        "pairId": "astro-cwlunc",
        "price": 12.201645826966,
        "sourceContract": "terra1nujm9zqa4hpaz9s8wrhrp86h3m9xwprjt9kmf9",
        "sourcePairId": "astro-cwlunc-ref-1",
        "sourceType": "reference",
        "timestamp": "2026-02-27T03:04:09Z",
        "tokenAmount": 1041.746329,
        "tokenSymbol": "ASTRO",
        "txhash": "6D04C831AB464843E5CE0F9DD076346F9E67039DB11504B0EACA99F361DB2E2C",
        "type": "SELL",
        "value": 12711.019748,
        "wallet": "terra1ydeh9exz82qrzw82ycjr6n462u5ldt8m8qt4rh"
      },
      {
        "amount": 1008.412892,
        "baseAmount": 12548.52171,
        "baseSymbol": "CWLUNC",
        "pairId": "astro-cwlunc",
        "price": 12.443833086179941,
        "sourceContract": "terra1nujm9zqa4hpaz9s8wrhrp86h3m9xwprjt9kmf9",
        "sourcePairId": "astro-cwlunc-ref-1",
        "sourceType": "reference",
        "timestamp": "2026-02-27T00:52:42Z",
        "tokenAmount": 1008.412892,
        "tokenSymbol": "ASTRO",
        "txhash": "010884EE14E7C9705FDF4D6F8B65BE1951E372692D7D852A4C4375270C79BAEB",
        "type": "SELL",
        "value": 12548.52171,
        "wallet": "terra1ydeh9exz82qrzw82ycjr6n462u5ldt8m8qt4rh"
      },
      {
        "amount": 107.341403,
        "baseAmount": 1350.194191,
        "baseSymbol": "CWLUNC",
        "pairId": "astro-cwlunc",
        "price": 12.578503291968339,
        "sourceContract": "terra1nujm9zqa4hpaz9s8wrhrp86h3m9xwprjt9kmf9",
        "sourcePairId": "astro-cwlunc-ref-1",
        "sourceType": "reference",
        "timestamp": "2026-02-26T20:31:32Z",
        "tokenAmount": 107.341403,
        "tokenSymbol": "ASTRO",
        "txhash": "9A78720A89E1389192AC3F40C9A9996D3EF159E6A937EDDF2BC5ABFA0EB207EC",
        "type": "SELL",
        "value": 1350.194191,
        "wallet": "terra1fvlm2alm4twxa45cqlf0d4zcvgfn7qxr6sex69"
      }
    ],
    "cwlunc-cwustc": [
      {
        "amount": 50000.0,
        "baseAmount": 500.904565,
        "baseSymbol": "CWUSTC",
        "pairId": "cwlunc-cwustc",
        "price": 0.0100180913,
        "sourceContract": "terra1dlffujgmvdl7tuv3car5n9asfvvqsrxkdtrc2afvemexvnuy2wnsrf5uy0",
        "sourcePairId": "cwlunc-cwustc-ref-3",
        "sourceType": "reference",
        "timestamp": "2026-04-27T00:21:15Z",
        "tokenAmount": 50000.0,
        "tokenSymbol": "CWLUNC",
        "txhash": "06C55373E18C61F1FD72CA1534344BBD40709D0DC5F10706EF7C0473379641A0",
        "type": "SELL",
        "value": 500.904565,
        "wallet": "terra10fsmdspfdukffwv0lrjm6gc9w3fcrl9fe076cl"
      },
      {
        "amount": 1632.703285,
        "baseAmount": 16.506666,
        "baseSymbol": "CWUSTC",
        "pairId": "cwlunc-cwustc",
        "price": 0.010110021919873823,
        "sourceContract": "terra1l7vy20x940je7lskm6x9s839vjsmekz9k9mv7g",
        "sourcePairId": "cwlunc-cwustc-ref-1",
        "sourceType": "reference",
        "timestamp": "2026-04-27T00:12:14Z",
        "tokenAmount": 1632.703285,
        "tokenSymbol": "CWLUNC",
        "txhash": "6FF2EA4EDFDFCE1E7580AEBC0DB3BD3503621E934108E34F1778C9E893164071",
        "type": "BUY",
        "value": 16.506666,
        "wallet": "terra1yln424nlw9q8ag98rd8z89rfjg2pasq23cqjfl"
      },
      {
        "amount": 50000.0,
        "baseAmount": 502.570353,
        "baseSymbol": "CWUSTC",
        "pairId": "cwlunc-cwustc",
        "price": 0.01005140706,
        "sourceContract": "terra1l7vy20x940je7lskm6x9s839vjsmekz9k9mv7g",
        "sourcePairId": "cwlunc-cwustc-ref-1",
        "sourceType": "reference",
        "timestamp": "2026-04-27T00:10:10Z",
        "tokenAmount": 50000.0,
        "tokenSymbol": "CWLUNC",
        "txhash": "650DE4FB53B2B99C3B56B81A95FCBD48DCEDB03BF7E011FEC0D0EF54C422B95B",
        "type": "SELL",
        "value": 502.570353,
        "wallet": "terra10fsmdspfdukffwv0lrjm6gc9w3fcrl9fe076cl"
      },
      {
        "amount": 50000.0,
        "baseAmount": 501.317432,
        "baseSymbol": "CWUSTC",
        "pairId": "cwlunc-cwustc",
        "price": 0.01002634864,
        "sourceContract": "terra1dlffujgmvdl7tuv3car5n9asfvvqsrxkdtrc2afvemexvnuy2wnsrf5uy0",
        "sourcePairId": "cwlunc-cwustc-ref-3",
        "sourceType": "reference",
        "timestamp": "2026-04-27T00:09:23Z",
        "tokenAmount": 50000.0,
        "tokenSymbol": "CWLUNC",
        "txhash": "0E20C85F9D9A81FB892DDE342E53BBAF7CCC8D7762A1EE7724843AE3D9A66B63",
        "type": "SELL",
        "value": 501.317432,
        "wallet": "terra10fsmdspfdukffwv0lrjm6gc9w3fcrl9fe076cl"
      },
      {
        "amount": 10071.762646,
        "baseAmount": 101.861945,
        "baseSymbol": "CWUSTC",
        "pairId": "cwlunc-cwustc",
        "price": 0.01011361651184805,
        "sourceContract": "terra1l7vy20x940je7lskm6x9s839vjsmekz9k9mv7g",
        "sourcePairId": "cwlunc-cwustc-ref-1",
        "sourceType": "reference",
        "timestamp": "2026-04-27T00:08:24Z",
        "tokenAmount": 10071.762646,
        "tokenSymbol": "CWLUNC",
        "txhash": "E82BF5CF791CE169462E0304F5E2353394C658FE23994FD7CF838028BA38333F",
        "type": "BUY",
        "value": 101.861945,
        "wallet": "terra1uhk8nyy4g670lsrsweuhw5mucshmh5p0xu5ss7"
      },
      {
        "amount": 15674.982834,
        "baseAmount": 157.603745,
        "baseSymbol": "CWUSTC",
        "pairId": "cwlunc-cwustc",
        "price": 0.01005447640160395,
        "sourceContract": "terra1m6ywlgn6wrjuagcmmezzz2a029gtldhey5k552",
        "sourcePairId": "cwlunc-cwustc-ref-2",
        "sourceType": "reference",
        "timestamp": "2026-04-27T00:03:18Z",
        "tokenAmount": 15674.982834,
        "tokenSymbol": "CWLUNC",
        "txhash": "014FD7E7B2990C9522EFE01D3D4131EEDBADD83F70621A32133DEA4D5B6C47C8",
        "type": "SELL",
        "value": 157.603745,
        "wallet": "terra1ydeh9exz82qrzw82ycjr6n462u5ldt8m8qt4rh"
      },
      {
        "amount": 50000.0,
        "baseAmount": 502.782287,
        "baseSymbol": "CWUSTC",
        "pairId": "cwlunc-cwustc",
        "price": 0.01005564574,
        "sourceContract": "terra1m6ywlgn6wrjuagcmmezzz2a029gtldhey5k552",
        "sourcePairId": "cwlunc-cwustc-ref-2",
        "sourceType": "reference",
        "timestamp": "2026-04-27T00:02:42Z",
        "tokenAmount": 50000.0,
        "tokenSymbol": "CWLUNC",
        "txhash": "2EA77009C93CC6D8C2B0BB67DD902E97A29CBD59CE743EFF2C5038D95B88554A",
        "type": "SELL",
        "value": 502.782287,
        "wallet": "terra10fsmdspfdukffwv0lrjm6gc9w3fcrl9fe076cl"
      },
      {
        "amount": 4717.626168,
        "baseAmount": 47.70941,
        "baseSymbol": "CWUSTC",
        "pairId": "cwlunc-cwustc",
        "price": 0.010113011989719827,
        "sourceContract": "terra1l7vy20x940je7lskm6x9s839vjsmekz9k9mv7g",
        "sourcePairId": "cwlunc-cwustc-ref-1",
        "sourceType": "reference",
        "timestamp": "2026-04-27T00:02:30Z",
        "tokenAmount": 4717.626168,
        "tokenSymbol": "CWLUNC",
        "txhash": "17C92F849A53A5050A96E3880C86D0C6EE41D5A82C30BF12D7DAB8A98667854A",
        "type": "BUY",
        "value": 47.70941,
        "wallet": "terra1g4gr7z04g6wk83gdj6mqxea72jhgtw0d9cpukx"
      },
      {
        "amount": 60026.705654,
        "baseAmount": 603.548122,
        "baseSymbol": "CWUSTC",
        "pairId": "cwlunc-cwustc",
        "price": 0.01005466009544006,
        "sourceContract": "terra1l7vy20x940je7lskm6x9s839vjsmekz9k9mv7g",
        "sourcePairId": "cwlunc-cwustc-ref-1",
        "sourceType": "reference",
        "timestamp": "2026-04-27T00:02:30Z",
        "tokenAmount": 60026.705654,
        "tokenSymbol": "CWLUNC",
        "txhash": "DC8949D448F6867F6A5A06F1BC2C56C73F5E196249D9297AA6D224BAE8C4EE59",
        "type": "SELL",
        "value": 603.548122,
        "wallet": "terra1ejj5drfsec3a640umdsldxgzxxdrngkfjzfyqg"
      },
      {
        "amount": 20108.4269,
        "baseAmount": 202.248717,
        "baseSymbol": "CWUSTC",
        "pairId": "cwlunc-cwustc",
        "price": 0.010057908458269305,
        "sourceContract": "terra1l7vy20x940je7lskm6x9s839vjsmekz9k9mv7g",
        "sourcePairId": "cwlunc-cwustc-ref-1",
        "sourceType": "reference",
        "timestamp": "2026-04-27T00:02:24Z",
        "tokenAmount": 20108.4269,
        "tokenSymbol": "CWLUNC",
        "txhash": "E76A950F4F3D246980B73718AA5DAB7920C979193363E6CF55FB22D03B143993",
        "type": "SELL",
        "value": 202.248717,
        "wallet": "terra1g3zc8lwwmkrm0cz9wkgl849pdqaw6cq8lh7872"
      },
      {
        "amount": 10256.772268,
        "baseAmount": 103.767407,
        "baseSymbol": "CWUSTC",
        "pairId": "cwlunc-cwustc",
        "price": 0.010116965092784879,
        "sourceContract": "terra1m6ywlgn6wrjuagcmmezzz2a029gtldhey5k552",
        "sourcePairId": "cwlunc-cwustc-ref-2",
        "sourceType": "reference",
        "timestamp": "2026-04-27T00:02:24Z",
        "tokenAmount": 10256.772268,
        "tokenSymbol": "CWLUNC",
        "txhash": "F2BF9086BF9E084B66D976307BCD8DFA30669258E869118C5855180C5E809F5C",
        "type": "BUY",
        "value": 103.767407,
        "wallet": "terra1k6uweag3vym7f8srx80q7cj66u7vhm4xt6vq2t"
      },
      {
        "amount": 424.0,
        "baseAmount": 4.264905,
        "baseSymbol": "CWUSTC",
        "pairId": "cwlunc-cwustc",
        "price": 0.01005873820754717,
        "sourceContract": "terra1l7vy20x940je7lskm6x9s839vjsmekz9k9mv7g",
        "sourcePairId": "cwlunc-cwustc-ref-1",
        "sourceType": "reference",
        "timestamp": "2026-04-27T00:01:14Z",
        "tokenAmount": 424.0,
        "tokenSymbol": "CWLUNC",
        "txhash": "8E212E88AD6F3330DA8F613ADCF8435CF68B11ED79290CF5F678A74A85F89D37",
        "type": "SELL",
        "value": 4.264905,
        "wallet": "terra1epu8zhpavt2hq64grxu8gx5jq58v5n57kd0wne"
      },
      {
        "amount": 51331.432378,
        "baseAmount": 515.096791,
        "baseSymbol": "CWUSTC",
        "pairId": "cwlunc-cwustc",
        "price": 0.010034724673312722,
        "sourceContract": "terra1dlffujgmvdl7tuv3car5n9asfvvqsrxkdtrc2afvemexvnuy2wnsrf5uy0",
        "sourcePairId": "cwlunc-cwustc-ref-3",
        "sourceType": "reference",
        "timestamp": "2026-04-26T23:58:13Z",
        "tokenAmount": 51331.432378,
        "tokenSymbol": "CWLUNC",
        "txhash": "AA4887457B9CE1255BE13DA33DCA55A0CBC7304D0AF1C7A6B0255CA82242EFA6",
        "type": "SELL",
        "value": 515.096791,
        "wallet": "terra1a08zwcau6kns52tunfhg46ytywxxjk9dng4ewdk6ujqtwtq0wmqs89v6ga"
      },
      {
        "amount": 10000.0,
        "baseAmount": 100.397997,
        "baseSymbol": "CWUSTC",
        "pairId": "cwlunc-cwustc",
        "price": 0.010039799700000001,
        "sourceContract": "terra1dlffujgmvdl7tuv3car5n9asfvvqsrxkdtrc2afvemexvnuy2wnsrf5uy0",
        "sourcePairId": "cwlunc-cwustc-ref-3",
        "sourceType": "reference",
        "timestamp": "2026-04-26T23:58:07Z",
        "tokenAmount": 10000.0,
        "tokenSymbol": "CWLUNC",
        "txhash": "B7E1C402EBBA5EEAF19A1382A46B5D3EC7B5BB6C2A988005922FFF92AA8D5AF7",
        "type": "SELL",
        "value": 100.397997,
        "wallet": "terra1zafpjz7h4x9cd8n5rf9lxz7tru352taxtl8jeu"
      },
      {
        "amount": 544705.815885,
        "baseAmount": 5500.0,
        "baseSymbol": "CWUSTC",
        "pairId": "cwlunc-cwustc",
        "price": 0.010097193456735877,
        "sourceContract": "terra1l7vy20x940je7lskm6x9s839vjsmekz9k9mv7g",
        "sourcePairId": "cwlunc-cwustc-ref-1",
        "sourceType": "reference",
        "timestamp": "2026-04-26T23:56:27Z",
        "tokenAmount": 544705.815885,
        "tokenSymbol": "CWLUNC",
        "txhash": "7FEDE55D57E7BB28B1AA44E556348EDB27AE0E39C1D7758D2C1B35ACA0A6E829",
        "type": "BUY",
        "value": 5500.0,
        "wallet": "terra1g3zc8lwwmkrm0cz9wkgl849pdqaw6cq8lh7872"
      },
      {
        "amount": 28716.072216,
        "baseAmount": 288.788407,
        "baseSymbol": "CWUSTC",
        "pairId": "cwlunc-cwustc",
        "price": 0.010056682015136216,
        "sourceContract": "terra1m6ywlgn6wrjuagcmmezzz2a029gtldhey5k552",
        "sourcePairId": "cwlunc-cwustc-ref-2",
        "sourceType": "reference",
        "timestamp": "2026-04-26T23:53:17Z",
        "tokenAmount": 28716.072216,
        "tokenSymbol": "CWLUNC",
        "txhash": "7AB50CCAB75041DE9478C16ACF9F893BA8A61579F15C2A373A3DA0EDAD1F189E",
        "type": "SELL",
        "value": 288.788407,
        "wallet": "terra1q7a9kg5xusufjfjp3v8ghsc7urfrlj8m99hlwh"
      },
      {
        "amount": 20378.114474,
        "baseAmount": 204.954048,
        "baseSymbol": "CWUSTC",
        "pairId": "cwlunc-cwustc",
        "price": 0.010057557006144826,
        "sourceContract": "terra1m6ywlgn6wrjuagcmmezzz2a029gtldhey5k552",
        "sourcePairId": "cwlunc-cwustc-ref-2",
        "sourceType": "reference",
        "timestamp": "2026-04-26T23:53:11Z",
        "tokenAmount": 20378.114474,
        "tokenSymbol": "CWLUNC",
        "txhash": "785AA14E421B7D933060B3C9400D1F49679FAA5D38F38EA4B1A3133C33D5E077",
        "type": "SELL",
        "value": 204.954048,
        "wallet": "terra1q7a9kg5xusufjfjp3v8ghsc7urfrlj8m99hlwh"
      },
      {
        "amount": 980104.537295,
        "baseAmount": 9900.0,
        "baseSymbol": "CWUSTC",
        "pairId": "cwlunc-cwustc",
        "price": 0.010100963339403678,
        "sourceContract": "terra1m6ywlgn6wrjuagcmmezzz2a029gtldhey5k552",
        "sourcePairId": "cwlunc-cwustc-ref-2",
        "sourceType": "reference",
        "timestamp": "2026-04-26T23:53:00Z",
        "tokenAmount": 980104.537295,
        "tokenSymbol": "CWLUNC",
        "txhash": "42BF394515847284F0F6C9444707346364BA15436473712EE0A339CD27F8B6F1",
        "type": "BUY",
        "value": 9900.0,
        "wallet": "terra1qxr97wdhqz5fgmv3l6vumtyq20fm75680ydee8"
      },
      {
        "amount": 1042.189562,
        "baseAmount": 10.5,
        "baseSymbol": "CWUSTC",
        "pairId": "cwlunc-cwustc",
        "price": 0.010074942585157075,
        "sourceContract": "terra1l7vy20x940je7lskm6x9s839vjsmekz9k9mv7g",
        "sourcePairId": "cwlunc-cwustc-ref-1",
        "sourceType": "reference",
        "timestamp": "2026-04-26T23:47:36Z",
        "tokenAmount": 1042.189562,
        "tokenSymbol": "CWLUNC",
        "txhash": "AED70F31B69A95E3AA797F0FC2923C00A86F33F9F387888BE5BF6BC4F1F76FCF",
        "type": "BUY",
        "value": 10.5,
        "wallet": "terra1qqsjg4z4r0xd95zm4lkvvc0rpk0mhqgp2a66pg"
      },
      {
        "amount": 50935.505417,
        "baseAmount": 507.044139,
        "baseSymbol": "CWUSTC",
        "pairId": "cwlunc-cwustc",
        "price": 0.009954630563669076,
        "sourceContract": "terra1dlffujgmvdl7tuv3car5n9asfvvqsrxkdtrc2afvemexvnuy2wnsrf5uy0",
        "sourcePairId": "cwlunc-cwustc-ref-3",
        "sourceType": "reference",
        "timestamp": "2026-04-26T23:43:51Z",
        "tokenAmount": 50935.505417,
        "tokenSymbol": "CWLUNC",
        "txhash": "6BF3BA92E40C4F8C73B520B34628AC77520B22FFB5459E46FF270CE70CA11B1C",
        "type": "SELL",
        "value": 507.044139,
        "wallet": "terra1a08zwcau6kns52tunfhg46ytywxxjk9dng4ewdk6ujqtwtq0wmqs89v6ga"
      },
      {
        "amount": 983525.017371,
        "baseAmount": 9900.0,
        "baseSymbol": "CWUSTC",
        "pairId": "cwlunc-cwustc",
        "price": 0.010065834447671783,
        "sourceContract": "terra1m6ywlgn6wrjuagcmmezzz2a029gtldhey5k552",
        "sourcePairId": "cwlunc-cwustc-ref-2",
        "sourceType": "reference",
        "timestamp": "2026-04-26T23:40:23Z",
        "tokenAmount": 983525.017371,
        "tokenSymbol": "CWLUNC",
        "txhash": "38317A60F62DD28208A3A37EDC61E97F9020CD9991395F9BB6CBF49F5A42FBDB",
        "type": "BUY",
        "value": 9900.0,
        "wallet": "terra1qxr97wdhqz5fgmv3l6vumtyq20fm75680ydee8"
      },
      {
        "amount": 5000.0,
        "baseAmount": 50.073711,
        "baseSymbol": "CWUSTC",
        "pairId": "cwlunc-cwustc",
        "price": 0.010014742200000001,
        "sourceContract": "terra1l7vy20x940je7lskm6x9s839vjsmekz9k9mv7g",
        "sourcePairId": "cwlunc-cwustc-ref-1",
        "sourceType": "reference",
        "timestamp": "2026-04-26T23:39:10Z",
        "tokenAmount": 5000.0,
        "tokenSymbol": "CWLUNC",
        "txhash": "E71821596A884B46DABBE0991DA1AA6D4112EC57BD6E4831ACAD33FA5C574EAF",
        "type": "SELL",
        "value": 50.073711,
        "wallet": "terra1qxr97wdhqz5fgmv3l6vumtyq20fm75680ydee8"
      },
      {
        "amount": 5000.0,
        "baseAmount": 50.075724,
        "baseSymbol": "CWUSTC",
        "pairId": "cwlunc-cwustc",
        "price": 0.0100151448,
        "sourceContract": "terra1l7vy20x940je7lskm6x9s839vjsmekz9k9mv7g",
        "sourcePairId": "cwlunc-cwustc-ref-1",
        "sourceType": "reference",
        "timestamp": "2026-04-26T23:38:23Z",
        "tokenAmount": 5000.0,
        "tokenSymbol": "CWLUNC",
        "txhash": "AD761B3E3AE344847AAE92AAC2F8457F189BCDD611FC04749D545DCFB8495A44",
        "type": "SELL",
        "value": 50.075724,
        "wallet": "terra1qxr97wdhqz5fgmv3l6vumtyq20fm75680ydee8"
      },
      {
        "amount": 3305.639262,
        "baseAmount": 33.30622,
        "baseSymbol": "CWUSTC",
        "pairId": "cwlunc-cwustc",
        "price": 0.010075576117113532,
        "sourceContract": "terra1l7vy20x940je7lskm6x9s839vjsmekz9k9mv7g",
        "sourcePairId": "cwlunc-cwustc-ref-1",
        "sourceType": "reference",
        "timestamp": "2026-04-26T23:36:38Z",
        "tokenAmount": 3305.639262,
        "tokenSymbol": "CWLUNC",
        "txhash": "5756D865831FF8152AE93E66F63B91C3ACE3B55C1120DFEEA8C03170F2279F1D",
        "type": "BUY",
        "value": 33.30622,
        "wallet": "terra1xjd522rrjqufjw26s0v32fh7xwtxghqazxc8x3"
      },
      {
        "amount": 99.251272,
        "baseAmount": 1.0,
        "baseSymbol": "CWUSTC",
        "pairId": "cwlunc-cwustc",
        "price": 0.010075437622602962,
        "sourceContract": "terra1l7vy20x940je7lskm6x9s839vjsmekz9k9mv7g",
        "sourcePairId": "cwlunc-cwustc-ref-1",
        "sourceType": "reference",
        "timestamp": "2026-04-26T23:26:43Z",
        "tokenAmount": 99.251272,
        "tokenSymbol": "CWLUNC",
        "txhash": "3E2E4EA7AA38A1691A1E84341D240F756B0614533FF0327E38D8AE6FBF58D4BA",
        "type": "BUY",
        "value": 1.0,
        "wallet": "terra1qxr97wdhqz5fgmv3l6vumtyq20fm75680ydee8"
      },
      {
        "amount": 22515.451279,
        "baseAmount": 225.514237,
        "baseSymbol": "CWUSTC",
        "pairId": "cwlunc-cwustc",
        "price": 0.01001597677104236,
        "sourceContract": "terra1l7vy20x940je7lskm6x9s839vjsmekz9k9mv7g",
        "sourcePairId": "cwlunc-cwustc-ref-1",
        "sourceType": "reference",
        "timestamp": "2026-04-26T23:24:40Z",
        "tokenAmount": 22515.451279,
        "tokenSymbol": "CWLUNC",
        "txhash": "17B67304A44C5116D4E381B723E98A3CFC373C976BE613345293C798961D9C7E",
        "type": "SELL",
        "value": 225.514237,
        "wallet": "terra1q7a9kg5xusufjfjp3v8ghsc7urfrlj8m99hlwh"
      },
      {
        "amount": 9964.7086,
        "baseAmount": 99.819329,
        "baseSymbol": "CWUSTC",
        "pairId": "cwlunc-cwustc",
        "price": 0.010017285302251587,
        "sourceContract": "terra1l7vy20x940je7lskm6x9s839vjsmekz9k9mv7g",
        "sourcePairId": "cwlunc-cwustc-ref-1",
        "sourceType": "reference",
        "timestamp": "2026-04-26T23:14:15Z",
        "tokenAmount": 9964.7086,
        "tokenSymbol": "CWLUNC",
        "txhash": "32C723DDC8A8587DD5118400138F023EE831E395F6CD1609114F22D1FFD9DCCB",
        "type": "SELL",
        "value": 99.819329,
        "wallet": "terra1ydeh9exz82qrzw82ycjr6n462u5ldt8m8qt4rh"
      },
      {
        "amount": 37829.062245,
        "baseAmount": 379.017276,
        "baseSymbol": "CWUSTC",
        "pairId": "cwlunc-cwustc",
        "price": 0.010019208870293792,
        "sourceContract": "terra1l7vy20x940je7lskm6x9s839vjsmekz9k9mv7g",
        "sourcePairId": "cwlunc-cwustc-ref-1",
        "sourceType": "reference",
        "timestamp": "2026-04-26T23:13:34Z",
        "tokenAmount": 37829.062245,
        "tokenSymbol": "CWLUNC",
        "txhash": "D50E724EA7FF501A291E2627B56558A6A26D48CE676D45703A3A9DBDCDA09C3E",
        "type": "SELL",
        "value": 379.017276,
        "wallet": "terra1ydeh9exz82qrzw82ycjr6n462u5ldt8m8qt4rh"
      },
      {
        "amount": 8837.614527,
        "baseAmount": 88.562536,
        "baseSymbol": "CWUSTC",
        "pairId": "cwlunc-cwustc",
        "price": 0.010021090615508354,
        "sourceContract": "terra1l7vy20x940je7lskm6x9s839vjsmekz9k9mv7g",
        "sourcePairId": "cwlunc-cwustc-ref-1",
        "sourceType": "reference",
        "timestamp": "2026-04-26T23:13:16Z",
        "tokenAmount": 8837.614527,
        "tokenSymbol": "CWLUNC",
        "txhash": "7D89C5A41184C4730F12F8A7239030E1F51344A7B19DC645F2EA83C710240723",
        "type": "SELL",
        "value": 88.562536,
        "wallet": "terra1q7a9kg5xusufjfjp3v8ghsc7urfrlj8m99hlwh"
      },
      {
        "amount": 69430.630744,
        "baseAmount": 695.989439,
        "baseSymbol": "CWUSTC",
        "pairId": "cwlunc-cwustc",
        "price": 0.010024241916600268,
        "sourceContract": "terra1l7vy20x940je7lskm6x9s839vjsmekz9k9mv7g",
        "sourcePairId": "cwlunc-cwustc-ref-1",
        "sourceType": "reference",
        "timestamp": "2026-04-26T23:13:10Z",
        "tokenAmount": 69430.630744,
        "tokenSymbol": "CWLUNC",
        "txhash": "8E03B978CF45C23070398572DA40E69B3C590239723EB7C4CB9391CE26257C2D",
        "type": "SELL",
        "value": 695.989439,
        "wallet": "terra1q7a9kg5xusufjfjp3v8ghsc7urfrlj8m99hlwh"
      },
      {
        "amount": 985309.985927,
        "baseAmount": 9900.0,
        "baseSymbol": "CWUSTC",
        "pairId": "cwlunc-cwustc",
        "price": 0.010047599376236786,
        "sourceContract": "terra1l7vy20x940je7lskm6x9s839vjsmekz9k9mv7g",
        "sourcePairId": "cwlunc-cwustc-ref-1",
        "sourceType": "reference",
        "timestamp": "2026-04-26T23:13:04Z",
        "tokenAmount": 985309.985927,
        "tokenSymbol": "CWLUNC",
        "txhash": "DF52CA5C96B63F0FB5C22283AE48C70564C7C3EEDB59CDBE7F16082E47408535",
        "type": "BUY",
        "value": 9900.0,
        "wallet": "terra1qxr97wdhqz5fgmv3l6vumtyq20fm75680ydee8"
      },
      {
        "amount": 18000.0,
        "baseAmount": 179.791216,
        "baseSymbol": "CWUSTC",
        "pairId": "cwlunc-cwustc",
        "price": 0.009988400888888888,
        "sourceContract": "terra1m6ywlgn6wrjuagcmmezzz2a029gtldhey5k552",
        "sourcePairId": "cwlunc-cwustc-ref-2",
        "sourceType": "reference",
        "timestamp": "2026-04-26T23:11:36Z",
        "tokenAmount": 18000.0,
        "tokenSymbol": "CWLUNC",
        "txhash": "FAAB70FD6C2A2251189CBD3801CA851E28A41E3006CDD10E7DF90EB3ED5B5CBA",
        "type": "SELL",
        "value": 179.791216,
        "wallet": "terra1v6sgmkxn7f2k5zl5wskugd2fdeacc70nj0nu6d"
      },
      {
        "amount": 178.501559,
        "baseAmount": 1.786399,
        "baseSymbol": "CWUSTC",
        "pairId": "cwlunc-cwustc",
        "price": 0.010007750128389637,
        "sourceContract": "terra1l7vy20x940je7lskm6x9s839vjsmekz9k9mv7g",
        "sourcePairId": "cwlunc-cwustc-ref-1",
        "sourceType": "reference",
        "timestamp": "2026-04-26T23:04:10Z",
        "tokenAmount": 178.501559,
        "tokenSymbol": "CWLUNC",
        "txhash": "030B0936DBECF0DC103056FDA4F12E942F4592547FC69808FF13BDA887CA6F20",
        "type": "BUY",
        "value": 1.786399,
        "wallet": "terra1hdzwm44kpfwjka8mqvzwhysphas5nqx6z0uam3"
      },
      {
        "amount": 11368.005286,
        "baseAmount": 113.554084,
        "baseSymbol": "CWUSTC",
        "pairId": "cwlunc-cwustc",
        "price": 0.009988919000578305,
        "sourceContract": "terra1m6ywlgn6wrjuagcmmezzz2a029gtldhey5k552",
        "sourcePairId": "cwlunc-cwustc-ref-2",
        "sourceType": "reference",
        "timestamp": "2026-04-26T23:02:42Z",
        "tokenAmount": 11368.005286,
        "tokenSymbol": "CWLUNC",
        "txhash": "A24278F798C2654558D84A0840FACECBAFF3DC05BF68F0F1D07EF7A08EA28291",
        "type": "SELL",
        "value": 113.554084,
        "wallet": "terra1ydeh9exz82qrzw82ycjr6n462u5ldt8m8qt4rh"
      },
      {
        "amount": 1281.298805,
        "baseAmount": 12.799076,
        "baseSymbol": "CWUSTC",
        "pairId": "cwlunc-cwustc",
        "price": 0.00998914222822521,
        "sourceContract": "terra1m6ywlgn6wrjuagcmmezzz2a029gtldhey5k552",
        "sourcePairId": "cwlunc-cwustc-ref-2",
        "sourceType": "reference",
        "timestamp": "2026-04-26T23:02:31Z",
        "tokenAmount": 1281.298805,
        "tokenSymbol": "CWLUNC",
        "txhash": "A0D1AE1CE45EBB892F0DD43E194B65E1BFD215C215E719B607826C08F6E5E051",
        "type": "SELL",
        "value": 12.799076,
        "wallet": "terra1q7a9kg5xusufjfjp3v8ghsc7urfrlj8m99hlwh"
      },
      {
        "amount": 137331.855565,
        "baseAmount": 1372.162991,
        "baseSymbol": "CWUSTC",
        "pairId": "cwlunc-cwustc",
        "price": 0.009991585603753433,
        "sourceContract": "terra1m6ywlgn6wrjuagcmmezzz2a029gtldhey5k552",
        "sourcePairId": "cwlunc-cwustc-ref-2",
        "sourceType": "reference",
        "timestamp": "2026-04-26T23:02:25Z",
        "tokenAmount": 137331.855565,
        "tokenSymbol": "CWLUNC",
        "txhash": "B8A20BED052AC162A9C82698CCE3495F76C9D2549E0D709C70F68AE81228A2F0",
        "type": "SELL",
        "value": 1372.162991,
        "wallet": "terra1q7a9kg5xusufjfjp3v8ghsc7urfrlj8m99hlwh"
      },
      {
        "amount": 1668688.250432,
        "baseAmount": 16727.999999,
        "baseSymbol": "CWUSTC",
        "pairId": "cwlunc-cwustc",
        "price": 0.010024640608974957,
        "sourceContract": "terra1m6ywlgn6wrjuagcmmezzz2a029gtldhey5k552",
        "sourcePairId": "cwlunc-cwustc-ref-2",
        "sourceType": "reference",
        "timestamp": "2026-04-26T23:02:13Z",
        "tokenAmount": 1668688.250432,
        "tokenSymbol": "CWLUNC",
        "txhash": "54024D17DA717B045B4602B6C960181DAF8D64FED9E7A77DD729606ECB7C3EB1",
        "type": "BUY",
        "value": 16727.999999,
        "wallet": "terra1mxr2xsudr4sny38rrtwcveuh2xl36jm8qshvzs"
      },
      {
        "amount": 38011.273997,
        "baseAmount": 378.185542,
        "baseSymbol": "CWUSTC",
        "pairId": "cwlunc-cwustc",
        "price": 0.009949299306038727,
        "sourceContract": "terra1l7vy20x940je7lskm6x9s839vjsmekz9k9mv7g",
        "sourcePairId": "cwlunc-cwustc-ref-1",
        "sourceType": "reference",
        "timestamp": "2026-04-26T22:59:45Z",
        "tokenAmount": 38011.273997,
        "tokenSymbol": "CWLUNC",
        "txhash": "898646F197581CC95C27A061B6D8CA3716C8951E909DDCF4A16154BB1F7DBF5D",
        "type": "SELL",
        "value": 378.185542,
        "wallet": "terra1ydeh9exz82qrzw82ycjr6n462u5ldt8m8qt4rh"
      },
      {
        "amount": 101693.387731,
        "baseAmount": 1012.344182,
        "baseSymbol": "CWUSTC",
        "pairId": "cwlunc-cwustc",
        "price": 0.009954867318196335,
        "sourceContract": "terra1l7vy20x940je7lskm6x9s839vjsmekz9k9mv7g",
        "sourcePairId": "cwlunc-cwustc-ref-1",
        "sourceType": "reference",
        "timestamp": "2026-04-26T22:59:34Z",
        "tokenAmount": 101693.387731,
        "tokenSymbol": "CWLUNC",
        "txhash": "7ADEFAD1372D86C351983F4573F1CA63C04831D147108D4AC9B75E3ADFBFBE5C",
        "type": "SELL",
        "value": 1012.344182,
        "wallet": "terra1g3zc8lwwmkrm0cz9wkgl849pdqaw6cq8lh7872"
      },
      {
        "amount": 19090.425806,
        "baseAmount": 190.134771,
        "baseSymbol": "CWUSTC",
        "pairId": "cwlunc-cwustc",
        "price": 0.00995969251457146,
        "sourceContract": "terra1l7vy20x940je7lskm6x9s839vjsmekz9k9mv7g",
        "sourcePairId": "cwlunc-cwustc-ref-1",
        "sourceType": "reference",
        "timestamp": "2026-04-26T22:59:10Z",
        "tokenAmount": 19090.425806,
        "tokenSymbol": "CWLUNC",
        "txhash": "FE19FFCD7767B5F3DDE8F822E14D7C84D77D38203A0F6D6E2BDC1F22F45ABE07",
        "type": "SELL",
        "value": 190.134771,
        "wallet": "terra1ydeh9exz82qrzw82ycjr6n462u5ldt8m8qt4rh"
      },
      {
        "amount": 14320.241218,
        "baseAmount": 142.644308,
        "baseSymbol": "CWUSTC",
        "pairId": "cwlunc-cwustc",
        "price": 0.00996102690090873,
        "sourceContract": "terra1l7vy20x940je7lskm6x9s839vjsmekz9k9mv7g",
        "sourcePairId": "cwlunc-cwustc-ref-1",
        "sourceType": "reference",
        "timestamp": "2026-04-26T22:59:04Z",
        "tokenAmount": 14320.241218,
        "tokenSymbol": "CWLUNC",
        "txhash": "3DA5F2036C97F7332476CE77184CCD29931B2D0CAB34E45C153D3076D056794E",
        "type": "SELL",
        "value": 142.644308,
        "wallet": "terra1q7a9kg5xusufjfjp3v8ghsc7urfrlj8m99hlwh"
      },
      {
        "amount": 32836.279613,
        "baseAmount": 327.144874,
        "baseSymbol": "CWUSTC",
        "pairId": "cwlunc-cwustc",
        "price": 0.009962909253290747,
        "sourceContract": "terra1l7vy20x940je7lskm6x9s839vjsmekz9k9mv7g",
        "sourcePairId": "cwlunc-cwustc-ref-1",
        "sourceType": "reference",
        "timestamp": "2026-04-26T22:58:47Z",
        "tokenAmount": 32836.279613,
        "tokenSymbol": "CWLUNC",
        "txhash": "A02FC1B12FB3283B2F2929E83C3BA4280EE613A46E1E807C41A9397A9A550FC7",
        "type": "SELL",
        "value": 327.144874,
        "wallet": "terra1q7a9kg5xusufjfjp3v8ghsc7urfrlj8m99hlwh"
      },
      {
        "amount": 1021704.380322,
        "baseAmount": 10200.0,
        "baseSymbol": "CWUSTC",
        "pairId": "cwlunc-cwustc",
        "price": 0.009983318263532718,
        "sourceContract": "terra1l7vy20x940je7lskm6x9s839vjsmekz9k9mv7g",
        "sourcePairId": "cwlunc-cwustc-ref-1",
        "sourceType": "reference",
        "timestamp": "2026-04-26T22:58:41Z",
        "tokenAmount": 1021704.380322,
        "tokenSymbol": "CWLUNC",
        "txhash": "F6811FDE7AFC3D71DAF32ACED5BBEAA3ABB0AF4AE9C73002472117DEFAA4C45F",
        "type": "BUY",
        "value": 10200.0,
        "wallet": "terra1g3zc8lwwmkrm0cz9wkgl849pdqaw6cq8lh7872"
      },
      {
        "amount": 19822.175547,
        "baseAmount": 196.943792,
        "baseSymbol": "CWUSTC",
        "pairId": "cwlunc-cwustc",
        "price": 0.009935528596900485,
        "sourceContract": "terra1m6ywlgn6wrjuagcmmezzz2a029gtldhey5k552",
        "sourcePairId": "cwlunc-cwustc-ref-2",
        "sourceType": "reference",
        "timestamp": "2026-04-26T22:58:41Z",
        "tokenAmount": 19822.175547,
        "tokenSymbol": "CWLUNC",
        "txhash": "25AC69CB652192412D2784BA34589D8F415A4FB906CA0DD07F9EE92AE0964C59",
        "type": "SELL",
        "value": 196.943792,
        "wallet": "terra1q7a9kg5xusufjfjp3v8ghsc7urfrlj8m99hlwh"
      },
      {
        "amount": 362.568147,
        "baseAmount": 3.588964,
        "baseSymbol": "CWUSTC",
        "pairId": "cwlunc-cwustc",
        "price": 0.009898729465608571,
        "sourceContract": "terra1dlffujgmvdl7tuv3car5n9asfvvqsrxkdtrc2afvemexvnuy2wnsrf5uy0",
        "sourcePairId": "cwlunc-cwustc-ref-3",
        "sourceType": "reference",
        "timestamp": "2026-04-26T22:54:39Z",
        "tokenAmount": 362.568147,
        "tokenSymbol": "CWLUNC",
        "txhash": "2BBC905EAF1DD4108D3C34075F217B84EB78578F2DBAFBA2723717EBFAD8E9A2",
        "type": "SELL",
        "value": 3.588964,
        "wallet": "terra10fsmdspfdukffwv0lrjm6gc9w3fcrl9fe076cl"
      },
      {
        "amount": 254957.663324,
        "baseAmount": 2532.309688,
        "baseSymbol": "CWUSTC",
        "pairId": "cwlunc-cwustc",
        "price": 0.00993227524517254,
        "sourceContract": "terra1l7vy20x940je7lskm6x9s839vjsmekz9k9mv7g",
        "sourcePairId": "cwlunc-cwustc-ref-1",
        "sourceType": "reference",
        "timestamp": "2026-04-26T22:54:33Z",
        "tokenAmount": 254957.663324,
        "tokenSymbol": "CWLUNC",
        "txhash": "9A2642B4D3ED3A61037E43BD5A0577092C73BDE18F534C3F5FB3AE74A3B4F3A4",
        "type": "BUY",
        "value": 2532.309688,
        "wallet": "terra1g3zc8lwwmkrm0cz9wkgl849pdqaw6cq8lh7872"
      },
      {
        "amount": 15780.123766,
        "baseAmount": 156.228943,
        "baseSymbol": "CWUSTC",
        "pairId": "cwlunc-cwustc",
        "price": 0.00990036233661312,
        "sourceContract": "terra1m6ywlgn6wrjuagcmmezzz2a029gtldhey5k552",
        "sourcePairId": "cwlunc-cwustc-ref-2",
        "sourceType": "reference",
        "timestamp": "2026-04-26T22:43:30Z",
        "tokenAmount": 15780.123766,
        "tokenSymbol": "CWLUNC",
        "txhash": "5C0255EC183D880B8D494D954C0857465F56B26A7210554C4591A2952C9207B1",
        "type": "SELL",
        "value": 156.228943,
        "wallet": "terra1ydeh9exz82qrzw82ycjr6n462u5ldt8m8qt4rh"
      },
      {
        "amount": 1025915.274576,
        "baseAmount": 10200.0,
        "baseSymbol": "CWUSTC",
        "pairId": "cwlunc-cwustc",
        "price": 0.009942341490349242,
        "sourceContract": "terra1m6ywlgn6wrjuagcmmezzz2a029gtldhey5k552",
        "sourcePairId": "cwlunc-cwustc-ref-2",
        "sourceType": "reference",
        "timestamp": "2026-04-26T22:43:07Z",
        "tokenAmount": 1025915.274576,
        "tokenSymbol": "CWLUNC",
        "txhash": "292CFA36C7A85AD6B2938AF7D57C390FBEDE49ADA1D344AC0A0E65DEE90BA123",
        "type": "BUY",
        "value": 10200.0,
        "wallet": "terra1mxr2xsudr4sny38rrtwcveuh2xl36jm8qshvzs"
      },
      {
        "amount": 1150.0,
        "baseAmount": 11.342138,
        "baseSymbol": "CWUSTC",
        "pairId": "cwlunc-cwustc",
        "price": 0.009862728695652174,
        "sourceContract": "terra1l7vy20x940je7lskm6x9s839vjsmekz9k9mv7g",
        "sourcePairId": "cwlunc-cwustc-ref-1",
        "sourceType": "reference",
        "timestamp": "2026-04-26T22:40:39Z",
        "tokenAmount": 1150.0,
        "tokenSymbol": "CWLUNC",
        "txhash": "2EDEEF52068FFBB2018AC782C47A45815D78509CF2E33BC3F4AA72C440D71940",
        "type": "SELL",
        "value": 11.342138,
        "wallet": "terra1xwx8e5ufauznd4yc9f7kectxe5nrmfuh80rew2"
      },
      {
        "amount": 5039.296971,
        "baseAmount": 50.0,
        "baseSymbol": "CWUSTC",
        "pairId": "cwlunc-cwustc",
        "price": 0.009922018941875931,
        "sourceContract": "terra1l7vy20x940je7lskm6x9s839vjsmekz9k9mv7g",
        "sourcePairId": "cwlunc-cwustc-ref-1",
        "sourceType": "reference",
        "timestamp": "2026-04-26T22:40:27Z",
        "tokenAmount": 5039.296971,
        "tokenSymbol": "CWLUNC",
        "txhash": "8C5869063721D2D72B992C4F9F9910FD20BFF346A4A0874EA988AF083156333C",
        "type": "BUY",
        "value": 50.0,
        "wallet": "terra1hm5kce3v7yr4yrknt92d5hnwp9dge9zjlrwtul"
      }
    ],
    "cwlunc-lunc": [
      {
        "amount": 1000.0,
        "baseAmount": 1000.0,
        "baseSymbol": "LUNC",
        "pairId": "cwlunc-lunc",
        "price": 1.0,
        "sourceContract": "terra10fusc7487y4ju2v5uavkauf3jdpxx9h8sc7wsqdqg4rne8t4qyrq8385q6",
