{
  "pairs": {
    "amplunc-cwlunc": [
      {
        "amount": 541.836989,
        "baseAmount": 733.470117,
        "baseSymbol": "CWLUNC",
        "executionType": "direct",
        "pairId": "amplunc-cwlunc",
        "price": 1.3536730269258157,
        "sourceContract": "terra12gkp648mkgj6esr5y6dwc2q4mftnfzk2pudka8",
        "sourcePairId": "amplunc-cwlunc-ref-1",
        "sourceType": "reference",
        "timestamp": "2026-05-20T23:48:43Z",
        "tokenAmount": 541.836989,
        "tokenSymbol": "AMPLUNC",
        "txhash": "43F69DC083B7CD31AFE16B2F78BB1F26BE0D93B706D37AC37AF1F81740080E0E",
        "type": "SELL",
        "value": 733.470117,
        "wallet": "terra1g3zc8lwwmkrm0cz9wkgl849pdqaw6cq8lh7872"
      },
      {
        "amount": 3675.880758,
        "baseAmount": 5000.0,
        "baseSymbol": "CWLUNC",
        "executionType": "direct",
        "pairId": "amplunc-cwlunc",
        "price": 1.360218225011313,
        "sourceContract": "terra12gkp648mkgj6esr5y6dwc2q4mftnfzk2pudka8",
        "sourcePairId": "amplunc-cwlunc-ref-1",
        "sourceType": "reference",
        "timestamp": "2026-05-20T15:03:34Z",
        "tokenAmount": 3675.880758,
        "tokenSymbol": "AMPLUNC",
        "txhash": "97A6066EF53F74A0199C44034F0B8CBEE818DF9C09E8DD4DECDE9C14BFFD7B7A",
        "type": "BUY",
        "value": 5000.0,
        "wallet": "terra1g3zc8lwwmkrm0cz9wkgl849pdqaw6cq8lh7872"
      },
      {
        "amount": 8830.496186,
        "baseAmount": 11954.750194,
        "baseSymbol": "CWLUNC",
        "executionType": "direct",
        "pairId": "amplunc-cwlunc",
        "price": 1.3538027696510688,
        "sourceContract": "terra12gkp648mkgj6esr5y6dwc2q4mftnfzk2pudka8",
        "sourcePairId": "amplunc-cwlunc-ref-1",
        "sourceType": "reference",
        "timestamp": "2026-05-18T15:41:05Z",
        "tokenAmount": 8830.496186,
        "tokenSymbol": "AMPLUNC",
        "txhash": "3139F9952859EF5C803973B70DFC9B7601731CDF5507C6047038404EA6550720",
        "type": "BUY",
        "value": 11954.750194,
        "wallet": "terra1g3zc8lwwmkrm0cz9wkgl849pdqaw6cq8lh7872"
      },
      {
        "amount": 8048.803611,
        "baseAmount": 10827.804254,
        "baseSymbol": "CWLUNC",
        "executionType": "direct",
        "pairId": "amplunc-cwlunc",
        "price": 1.345268784941161,
        "sourceContract": "terra12gkp648mkgj6esr5y6dwc2q4mftnfzk2pudka8",
        "sourcePairId": "amplunc-cwlunc-ref-1",
        "sourceType": "reference",
        "timestamp": "2026-05-18T15:39:26Z",
        "tokenAmount": 8048.803611,
        "tokenSymbol": "AMPLUNC",
        "txhash": "90388EDB0E17145937F0B52D15D9362FDC1CECF5773E382B72B5850874AE133C",
        "type": "SELL",
        "value": 10827.804254,
        "wallet": "terra1ydeh9exz82qrzw82ycjr6n462u5ldt8m8qt4rh"
      },
      {
        "amount": 7110.750932,
        "baseAmount": 9647.557934,
        "baseSymbol": "CWLUNC",
        "executionType": "direct",
        "pairId": "amplunc-cwlunc",
        "price": 1.3567565544426246,
        "sourceContract": "terra1r8k9pea8wmt93l703azhs82kpjva0cpq8tq5at",
        "sourcePairId": "amplunc-cwlunc-ref-3",
        "sourceType": "reference",
        "timestamp": "2026-05-17T02:12:55Z",
        "tokenAmount": 7110.750932,
        "tokenSymbol": "AMPLUNC",
        "txhash": "22A33356958B387D5DB9C8DAD395B53F5261F344328718D816341D34675C3EE0",
        "type": "SELL",
        "value": 9647.557934,
        "wallet": "terra1ydeh9exz82qrzw82ycjr6n462u5ldt8m8qt4rh"
      },
      {
        "amount": 8130.17508,
        "baseAmount": 11004.253027,
        "baseSymbol": "CWLUNC",
        "executionType": "direct",
        "pairId": "amplunc-cwlunc",
        "price": 1.3535075098284355,
        "sourceContract": "terra12gkp648mkgj6esr5y6dwc2q4mftnfzk2pudka8",
        "sourcePairId": "amplunc-cwlunc-ref-1",
        "sourceType": "reference",
        "timestamp": "2026-05-17T00:07:37Z",
        "tokenAmount": 8130.17508,
        "tokenSymbol": "AMPLUNC",
        "txhash": "9A584D04713B5AAB8FA876CBA79170357A1A0F68A4E71EEA5430624D1F4AFE40",
        "type": "SELL",
        "value": 11004.253027,
        "wallet": "terra1ydeh9exz82qrzw82ycjr6n462u5ldt8m8qt4rh"
      },
      {
        "amount": 6268.490414,
        "baseAmount": 8378.439729,
        "baseSymbol": "CWLUNC",
        "executionType": "direct",
        "pairId": "amplunc-cwlunc",
        "price": 1.336596082254135,
        "sourceContract": "terra132qwlqxffksjfg6ntzp4m5786lrlmgrufzx5c6",
        "sourcePairId": "amplunc-cwlunc-ref-2",
        "sourceType": "reference",
        "timestamp": "2026-05-17T00:02:27Z",
        "tokenAmount": 6268.490414,
        "tokenSymbol": "AMPLUNC",
        "txhash": "20660B5C9B5A7637F8BACCBB1B59017BECAE9D3BE7D68B92DD43BC69A1C7BB0C",
        "type": "BUY",
        "value": 8378.439729,
        "wallet": "terra1ydeh9exz82qrzw82ycjr6n462u5ldt8m8qt4rh"
      },
      {
        "amount": 7499.968759,
        "baseAmount": 10211.499106,
        "baseSymbol": "CWLUNC",
        "executionType": "direct",
        "pairId": "amplunc-cwlunc",
        "price": 1.3615388855781765,
        "sourceContract": "terra12gkp648mkgj6esr5y6dwc2q4mftnfzk2pudka8",
        "sourcePairId": "amplunc-cwlunc-ref-1",
        "sourceType": "reference",
        "timestamp": "2026-05-16T23:48:16Z",
        "tokenAmount": 7499.968759,
        "tokenSymbol": "AMPLUNC",
        "txhash": "C4351D8D7F420396EF4C26E1D594BF7C3F19032E776E19CD0546DAF09AFDFF28",
        "type": "SELL",
        "value": 10211.499106,
        "wallet": "terra1q7a9kg5xusufjfjp3v8ghsc7urfrlj8m99hlwh"
      },
      {
        "amount": 7839.166276,
        "baseAmount": 10459.011479,
        "baseSymbol": "CWLUNC",
        "executionType": "direct",
        "pairId": "amplunc-cwlunc",
        "price": 1.3341994685099088,
        "sourceContract": "terra132qwlqxffksjfg6ntzp4m5786lrlmgrufzx5c6",
        "sourcePairId": "amplunc-cwlunc-ref-2",
        "sourceType": "reference",
        "timestamp": "2026-05-16T19:22:24Z",
        "tokenAmount": 7839.166276,
        "tokenSymbol": "AMPLUNC",
        "txhash": "833EA883549334C1D7EC4CEBF55168D8F3595DF7A94C4D17D12C2028CCCA78FD",
        "type": "BUY",
        "value": 10459.011479,
        "wallet": "terra1ydeh9exz82qrzw82ycjr6n462u5ldt8m8qt4rh"
      },
      {
        "amount": 7846.065598,
        "baseAmount": 10745.140091,
        "baseSymbol": "CWLUNC",
        "executionType": "direct",
        "pairId": "amplunc-cwlunc",
        "price": 1.369494042178157,
        "sourceContract": "terra12gkp648mkgj6esr5y6dwc2q4mftnfzk2pudka8",
        "sourcePairId": "amplunc-cwlunc-ref-1",
        "sourceType": "reference",
        "timestamp": "2026-05-16T19:21:02Z",
        "tokenAmount": 7846.065598,
        "tokenSymbol": "AMPLUNC",
        "txhash": "90E1563FEBE0A96C7EF816C39CECD1A7D1C3F2630B18A562CDAB4F93855E6D31",
        "type": "SELL",
        "value": 10745.140091,
        "wallet": "terra1ydeh9exz82qrzw82ycjr6n462u5ldt8m8qt4rh"
      },
      {
        "amount": 9902.69554,
        "baseAmount": 13632.760808,
        "baseSymbol": "CWLUNC",
        "executionType": "direct",
        "pairId": "amplunc-cwlunc",
        "price": 1.3766717105391286,
        "sourceContract": "terra12gkp648mkgj6esr5y6dwc2q4mftnfzk2pudka8",
        "sourcePairId": "amplunc-cwlunc-ref-1",
        "sourceType": "reference",
        "timestamp": "2026-05-16T11:40:23Z",
        "tokenAmount": 9902.69554,
        "tokenSymbol": "AMPLUNC",
        "txhash": "CC1603DC6056B2E9F2AF8309A566332EB889DDC9CC02E75EED66949E8CE21148",
        "type": "BUY",
        "value": 13632.760808,
        "wallet": "terra1q7a9kg5xusufjfjp3v8ghsc7urfrlj8m99hlwh"
      },
      {
        "amount": 10817.110198,
        "baseAmount": 14807.205626,
        "baseSymbol": "CWLUNC",
        "executionType": "direct",
        "pairId": "amplunc-cwlunc",
        "price": 1.3688688896538872,
        "sourceContract": "terra12gkp648mkgj6esr5y6dwc2q4mftnfzk2pudka8",
        "sourcePairId": "amplunc-cwlunc-ref-1",
        "sourceType": "reference",
        "timestamp": "2026-05-16T10:50:29Z",
        "tokenAmount": 10817.110198,
        "tokenSymbol": "AMPLUNC",
        "txhash": "001018A1F6A517012CF769C9F4DE9ED306278441CAA5408C986854EFC389048C",
        "type": "SELL",
        "value": 14807.205626,
        "wallet": "terra1ydeh9exz82qrzw82ycjr6n462u5ldt8m8qt4rh"
      },
      {
        "amount": 8167.535725,
        "baseAmount": 10844.931711,
        "baseSymbol": "CWLUNC",
        "executionType": "direct",
        "pairId": "amplunc-cwlunc",
        "price": 1.327809522498293,
        "sourceContract": "terra132qwlqxffksjfg6ntzp4m5786lrlmgrufzx5c6",
        "sourcePairId": "amplunc-cwlunc-ref-2",
        "sourceType": "reference",
        "timestamp": "2026-05-16T10:48:26Z",
        "tokenAmount": 8167.535725,
        "tokenSymbol": "AMPLUNC",
        "txhash": "073555708611EE91B19B7F4390C95A76C0CD0C13AD65BB2B846B59356DAD3555",
        "type": "BUY",
        "value": 10844.931711,
        "wallet": "terra1ydeh9exz82qrzw82ycjr6n462u5ldt8m8qt4rh"
      },
      {
        "amount": 10854.02703,
        "baseAmount": 14980.886513,
        "baseSymbol": "CWLUNC",
        "executionType": "direct",
        "pairId": "amplunc-cwlunc",
        "price": 1.3802145942324966,
        "sourceContract": "terra12gkp648mkgj6esr5y6dwc2q4mftnfzk2pudka8",
        "sourcePairId": "amplunc-cwlunc-ref-1",
        "sourceType": "reference",
        "timestamp": "2026-05-16T10:47:50Z",
        "tokenAmount": 10854.02703,
        "tokenSymbol": "AMPLUNC",
        "txhash": "EAAA5B4B604AEBF863FBFDB9115F45C31EE190BD37EEA70B38CC90C3C80BFAD5",
        "type": "SELL",
        "value": 14980.886513,
        "wallet": "terra1ydeh9exz82qrzw82ycjr6n462u5ldt8m8qt4rh"
      },
      {
        "amount": 10533.643134,
        "baseAmount": 14658.09875,
        "baseSymbol": "CWLUNC",
        "executionType": "direct",
        "pairId": "amplunc-cwlunc",
        "price": 1.3915507259484874,
        "sourceContract": "terra12gkp648mkgj6esr5y6dwc2q4mftnfzk2pudka8",
        "sourcePairId": "amplunc-cwlunc-ref-1",
        "sourceType": "reference",
        "timestamp": "2026-05-16T10:47:32Z",
        "tokenAmount": 10533.643134,
        "tokenSymbol": "AMPLUNC",
        "txhash": "CFA5F91A7F4C3FC556304474E36E874833A74A7455B04C0B982D7D4B85AB84AB",
        "type": "SELL",
        "value": 14658.09875,
        "wallet": "terra1q7a9kg5xusufjfjp3v8ghsc7urfrlj8m99hlwh"
      },
      {
        "amount": 26035.513264,
        "baseAmount": 36743.320978,
        "baseSymbol": "CWLUNC",
        "executionType": "direct",
        "pairId": "amplunc-cwlunc",
        "price": 1.4112769971316823,
        "sourceContract": "terra12gkp648mkgj6esr5y6dwc2q4mftnfzk2pudka8",
        "sourcePairId": "amplunc-cwlunc-ref-1",
        "sourceType": "reference",
        "timestamp": "2026-05-16T10:47:26Z",
        "tokenAmount": 26035.513264,
        "tokenSymbol": "AMPLUNC",
        "txhash": "05A17AFE51B09FCA940B839ECAB565EDBEE59050690909B569694FAA31EBCAD8",
        "type": "SELL",
        "value": 36743.320978,
        "wallet": "terra1q7a9kg5xusufjfjp3v8ghsc7urfrlj8m99hlwh"
      },
      {
        "amount": 71669.444164,
        "baseAmount": 100000.0,
        "baseSymbol": "CWLUNC",
        "executionType": "direct",
        "pairId": "amplunc-cwlunc",
        "price": 1.3952947614770341,
        "sourceContract": "terra12gkp648mkgj6esr5y6dwc2q4mftnfzk2pudka8",
        "sourcePairId": "amplunc-cwlunc-ref-1",
        "sourceType": "reference",
        "timestamp": "2026-05-16T10:47:20Z",
        "tokenAmount": 71669.444164,
        "tokenSymbol": "AMPLUNC",
        "txhash": "758E796CCDCDF79FB25E0351768B043912CC48543A34CD071126AE8153A8305D",
        "type": "BUY",
        "value": 100000.0,
        "wallet": "terra1zafpjz7h4x9cd8n5rf9lxz7tru352taxtl8jeu"
      },
      {
        "amount": 9313.079845,
        "baseAmount": 12597.093408,
        "baseSymbol": "CWLUNC",
        "executionType": "direct",
        "pairId": "amplunc-cwlunc",
        "price": 1.352623795528084,
        "sourceContract": "terra12gkp648mkgj6esr5y6dwc2q4mftnfzk2pudka8",
        "sourcePairId": "amplunc-cwlunc-ref-1",
        "sourceType": "reference",
        "timestamp": "2026-05-15T23:18:51Z",
        "tokenAmount": 9313.079845,
        "tokenSymbol": "AMPLUNC",
        "txhash": "6D3DC8B621CD98A05F0670BE5A4C4948E1D1833487F48B3A3E022973C8D68530",
        "type": "BUY",
        "value": 12597.093408,
        "wallet": "terra1g3zc8lwwmkrm0cz9wkgl849pdqaw6cq8lh7872"
      },
      {
        "amount": 19185.777618,
        "baseAmount": 25674.315176,
        "baseSymbol": "CWLUNC",
        "executionType": "direct",
        "pairId": "amplunc-cwlunc",
        "price": 1.3381951822433555,
        "sourceContract": "terra12gkp648mkgj6esr5y6dwc2q4mftnfzk2pudka8",
        "sourcePairId": "amplunc-cwlunc-ref-1",
        "sourceType": "reference",
        "timestamp": "2026-05-15T23:17:46Z",
        "tokenAmount": 19185.777618,
        "tokenSymbol": "AMPLUNC",
        "txhash": "844E3A7B297419D8765E329BC027D45CAB9F26078B1C83192F1BF470A8BABCC4",
        "type": "BUY",
        "value": 25674.315176,
        "wallet": "terra1g3zc8lwwmkrm0cz9wkgl849pdqaw6cq8lh7872"
      },
      {
        "amount": 3150.410911,
        "baseAmount": 4180.603371,
        "baseSymbol": "CWLUNC",
        "executionType": "direct",
        "pairId": "amplunc-cwlunc",
        "price": 1.3270025685865205,
        "sourceContract": "terra12gkp648mkgj6esr5y6dwc2q4mftnfzk2pudka8",
        "sourcePairId": "amplunc-cwlunc-ref-1",
        "sourceType": "reference",
        "timestamp": "2026-05-15T19:50:57Z",
        "tokenAmount": 3150.410911,
        "tokenSymbol": "AMPLUNC",
        "txhash": "F34D35FC6CAF008B11A04FFE442295CDA12E80826E4302F185C35702558D8C8F",
        "type": "BUY",
        "value": 4180.603371,
        "wallet": "terra1g3zc8lwwmkrm0cz9wkgl849pdqaw6cq8lh7872"
      },
      {
        "amount": 7996.843362,
        "baseAmount": 10611.411883,
        "baseSymbol": "CWLUNC",
        "executionType": "direct",
        "pairId": "amplunc-cwlunc",
        "price": 1.326950073003068,
        "sourceContract": "terra1r8k9pea8wmt93l703azhs82kpjva0cpq8tq5at",
        "sourcePairId": "amplunc-cwlunc-ref-3",
        "sourceType": "reference",
        "timestamp": "2026-05-15T02:37:51Z",
        "tokenAmount": 7996.843362,
        "tokenSymbol": "AMPLUNC",
        "txhash": "0F960D6708262A9E9325DAFED62844E0D074836E5AD13FAB6D1FFE3A7A36A49F",
        "type": "BUY",
        "value": 10611.411883,
        "wallet": "terra1q7a9kg5xusufjfjp3v8ghsc7urfrlj8m99hlwh"
      },
      {
        "amount": 8319.424727,
        "baseAmount": 10992.71171,
        "baseSymbol": "CWLUNC",
        "executionType": "direct",
        "pairId": "amplunc-cwlunc",
        "price": 1.3213307495077238,
        "sourceContract": "terra12gkp648mkgj6esr5y6dwc2q4mftnfzk2pudka8",
        "sourcePairId": "amplunc-cwlunc-ref-1",
        "sourceType": "reference",
        "timestamp": "2026-05-14T01:55:54Z",
        "tokenAmount": 8319.424727,
        "tokenSymbol": "AMPLUNC",
        "txhash": "C462D4ADA7A38FFD96DBB5018D03B25073C1D9A4F35A153CCFA215827AC64845",
        "type": "BUY",
        "value": 10992.71171,
        "wallet": "terra1q7a9kg5xusufjfjp3v8ghsc7urfrlj8m99hlwh"
      },
      {
        "amount": 7877.946845,
        "baseAmount": 10346.682813,
        "baseSymbol": "CWLUNC",
        "executionType": "direct",
        "pairId": "amplunc-cwlunc",
        "price": 1.313373016672087,
        "sourceContract": "terra12gkp648mkgj6esr5y6dwc2q4mftnfzk2pudka8",
        "sourcePairId": "amplunc-cwlunc-ref-1",
        "sourceType": "reference",
        "timestamp": "2026-05-14T01:01:01Z",
        "tokenAmount": 7877.946845,
        "tokenSymbol": "AMPLUNC",
        "txhash": "AF15CB4D21BFD9C3B0A7845CFAFD84835CD81874B9D535EEE2E200A2EBB30E49",
        "type": "BUY",
        "value": 10346.682813,
        "wallet": "terra1q7a9kg5xusufjfjp3v8ghsc7urfrlj8m99hlwh"
      },
      {
        "amount": 7017.407119,
        "baseAmount": 9206.121666,
        "baseSymbol": "CWLUNC",
        "executionType": "direct",
        "pairId": "amplunc-cwlunc",
        "price": 1.3118979004472946,
        "sourceContract": "terra1r8k9pea8wmt93l703azhs82kpjva0cpq8tq5at",
        "sourcePairId": "amplunc-cwlunc-ref-3",
        "sourceType": "reference",
        "timestamp": "2026-05-13T23:08:03Z",
        "tokenAmount": 7017.407119,
        "tokenSymbol": "AMPLUNC",
        "txhash": "D4945FA4DBC47FB8FCB4F7C769E8F463897815DA1929942AD948C7F84190941C",
        "type": "BUY",
        "value": 9206.121666,
        "wallet": "terra1q7a9kg5xusufjfjp3v8ghsc7urfrlj8m99hlwh"
      },
      {
        "amount": 5803.526097,
        "baseAmount": 7583.496216,
        "baseSymbol": "CWLUNC",
        "executionType": "direct",
        "pairId": "amplunc-cwlunc",
        "price": 1.306704939247213,
        "sourceContract": "terra12gkp648mkgj6esr5y6dwc2q4mftnfzk2pudka8",
        "sourcePairId": "amplunc-cwlunc-ref-1",
        "sourceType": "reference",
        "timestamp": "2026-05-13T11:33:35Z",
        "tokenAmount": 5803.526097,
        "tokenSymbol": "AMPLUNC",
        "txhash": "368F755B288A73E705C9CBE86D948876B911830BAFB84888922C09ABD313D168",
        "type": "BUY",
        "value": 7583.496216,
        "wallet": "terra1g3zc8lwwmkrm0cz9wkgl849pdqaw6cq8lh7872"
      },
      {
        "amount": 7894.019324,
        "baseAmount": 10240.189802,
        "baseSymbol": "CWLUNC",
        "executionType": "direct",
        "pairId": "amplunc-cwlunc",
        "price": 1.2972086058703953,
        "sourceContract": "terra1r8k9pea8wmt93l703azhs82kpjva0cpq8tq5at",
        "sourcePairId": "amplunc-cwlunc-ref-3",
        "sourceType": "reference",
        "timestamp": "2026-05-12T19:05:12Z",
        "tokenAmount": 7894.019324,
        "tokenSymbol": "AMPLUNC",
        "txhash": "7DBEE887D2E65BB3620F4E31BDD18CA6957B8F1E2521EEDDBAE77E088F7E4BF0",
        "type": "BUY",
        "value": 10240.189802,
        "wallet": "terra1q7a9kg5xusufjfjp3v8ghsc7urfrlj8m99hlwh"
      },
      {
        "amount": 5902.63773,
        "baseAmount": 7666.979253,
        "baseSymbol": "CWLUNC",
        "executionType": "direct",
        "pairId": "amplunc-cwlunc",
        "price": 1.298907302752595,
        "sourceContract": "terra12gkp648mkgj6esr5y6dwc2q4mftnfzk2pudka8",
        "sourcePairId": "amplunc-cwlunc-ref-1",
        "sourceType": "reference",
        "timestamp": "2026-05-12T15:10:48Z",
        "tokenAmount": 5902.63773,
        "tokenSymbol": "AMPLUNC",
        "txhash": "C7CFF977BAD821A03863268512BBCE1BAD4E5936DF2C673EBD593C512D21A004",
        "type": "SELL",
        "value": 7666.979253,
        "wallet": "terra1g3zc8lwwmkrm0cz9wkgl849pdqaw6cq8lh7872"
      },
      {
        "amount": 6373.841985,
        "baseAmount": 8316.794138,
        "baseSymbol": "CWLUNC",
        "executionType": "direct",
        "pairId": "amplunc-cwlunc",
        "price": 1.304832180900073,
        "sourceContract": "terra12gkp648mkgj6esr5y6dwc2q4mftnfzk2pudka8",
        "sourcePairId": "amplunc-cwlunc-ref-1",
        "sourceType": "reference",
        "timestamp": "2026-05-12T08:12:24Z",
        "tokenAmount": 6373.841985,
        "tokenSymbol": "AMPLUNC",
        "txhash": "03A08C1EB10816B32A496F7CC8BFAF734374232124773C2418B02FDE53B7A41E",
        "type": "SELL",
        "value": 8316.794138,
        "wallet": "terra1g3zc8lwwmkrm0cz9wkgl849pdqaw6cq8lh7872"
      },
      {
        "amount": 11479.452228,
        "baseAmount": 15040.527812,
        "baseSymbol": "CWLUNC",
        "executionType": "direct",
        "pairId": "amplunc-cwlunc",
        "price": 1.3102130235198886,
        "sourceContract": "terra12gkp648mkgj6esr5y6dwc2q4mftnfzk2pudka8",
        "sourcePairId": "amplunc-cwlunc-ref-1",
        "sourceType": "reference",
        "timestamp": "2026-05-12T08:10:03Z",
        "tokenAmount": 11479.452228,
        "tokenSymbol": "AMPLUNC",
        "txhash": "F5A988F7BA4A51D61BFC3B0E08DC447EE81B246C8AD59D5D0C5762C9A0129EB1",
        "type": "BUY",
        "value": 15040.527812,
        "wallet": "terra1g3zc8lwwmkrm0cz9wkgl849pdqaw6cq8lh7872"
      },
      {
        "amount": 7686.883787,
        "baseAmount": 10000.0,
        "baseSymbol": "CWLUNC",
        "executionType": "direct",
        "pairId": "amplunc-cwlunc",
        "price": 1.3009172867829646,
        "sourceContract": "terra12gkp648mkgj6esr5y6dwc2q4mftnfzk2pudka8",
        "sourcePairId": "amplunc-cwlunc-ref-1",
        "sourceType": "reference",
        "timestamp": "2026-05-12T08:09:52Z",
        "tokenAmount": 7686.883787,
        "tokenSymbol": "AMPLUNC",
        "txhash": "E47E72D936C6E19110D35B5474080DE8AC9121468132919495F2C2DB2C05B63A",
        "type": "BUY",
        "value": 10000.0,
        "wallet": "terra1zafpjz7h4x9cd8n5rf9lxz7tru352taxtl8jeu"
      },
      {
        "amount": 5810.308299,
        "baseAmount": 7521.049257,
        "baseSymbol": "CWLUNC",
        "executionType": "direct",
        "pairId": "amplunc-cwlunc",
        "price": 1.2944320455929046,
        "sourceContract": "terra12gkp648mkgj6esr5y6dwc2q4mftnfzk2pudka8",
        "sourcePairId": "amplunc-cwlunc-ref-1",
        "sourceType": "reference",
        "timestamp": "2026-05-12T08:08:48Z",
        "tokenAmount": 5810.308299,
        "tokenSymbol": "AMPLUNC",
        "txhash": "7EC3F5FE7D1A6FDF019CCAF1308AFE555847E388B9FE001BA1431D6D44D5BB16",
        "type": "BUY",
        "value": 7521.049257,
        "wallet": "terra1g3zc8lwwmkrm0cz9wkgl849pdqaw6cq8lh7872"
      },
      {
        "amount": 3876.54892,
        "baseAmount": 5000.0,
        "baseSymbol": "CWLUNC",
        "executionType": "direct",
        "pairId": "amplunc-cwlunc",
        "price": 1.289807017319931,
        "sourceContract": "terra12gkp648mkgj6esr5y6dwc2q4mftnfzk2pudka8",
        "sourcePairId": "amplunc-cwlunc-ref-1",
        "sourceType": "reference",
        "timestamp": "2026-05-12T08:07:08Z",
        "tokenAmount": 3876.54892,
        "tokenSymbol": "AMPLUNC",
        "txhash": "9195C8E8A6F6541ABDD051B2AB74FDAD5670D335B707EB96A31153F378401CF6",
        "type": "BUY",
        "value": 5000.0,
        "wallet": "terra1zafpjz7h4x9cd8n5rf9lxz7tru352taxtl8jeu"
      },
      {
        "amount": 11246.94888,
        "baseAmount": 14425.888938,
        "baseSymbol": "CWLUNC",
        "executionType": "direct",
        "pairId": "amplunc-cwlunc",
        "price": 1.2826491070527566,
        "sourceContract": "terra12gkp648mkgj6esr5y6dwc2q4mftnfzk2pudka8",
        "sourcePairId": "amplunc-cwlunc-ref-1",
        "sourceType": "reference",
        "timestamp": "2026-05-12T08:06:50Z",
        "tokenAmount": 11246.94888,
        "tokenSymbol": "AMPLUNC",
        "txhash": "B17442BB62A2C0620A8DD772E315F2B1CC9540453FDFFEB7634EE09B79D5AE67",
        "type": "BUY",
        "value": 14425.888938,
        "wallet": "terra1ydeh9exz82qrzw82ycjr6n462u5ldt8m8qt4rh"
      },
      {
        "amount": 22358.026411,
        "baseAmount": 28621.724004,
        "baseSymbol": "CWLUNC",
        "executionType": "direct",
        "pairId": "amplunc-cwlunc",
        "price": 1.2801543158531339,
        "sourceContract": "terra12gkp648mkgj6esr5y6dwc2q4mftnfzk2pudka8",
        "sourcePairId": "amplunc-cwlunc-ref-1",
        "sourceType": "reference",
        "timestamp": "2026-05-12T08:06:38Z",
        "tokenAmount": 22358.026411,
        "tokenSymbol": "AMPLUNC",
        "txhash": "5F743F6A2D74B5D7B4DCD72F7C351D79EFD4F430970DE40ED0D5A5C27427780B",
        "type": "SELL",
        "value": 28621.724004,
        "wallet": "terra1g3zc8lwwmkrm0cz9wkgl849pdqaw6cq8lh7872"
      },
      {
        "amount": 832.148643,
        "baseAmount": 1074.413563,
        "baseSymbol": "CWLUNC",
        "executionType": "direct",
        "pairId": "amplunc-cwlunc",
        "price": 1.291131785214003,
        "sourceContract": "terra12gkp648mkgj6esr5y6dwc2q4mftnfzk2pudka8",
        "sourcePairId": "amplunc-cwlunc-ref-1",
        "sourceType": "reference",
        "timestamp": "2026-05-12T08:03:19Z",
        "tokenAmount": 832.148643,
        "tokenSymbol": "AMPLUNC",
        "txhash": "0629751AFEBEC07C247F5F6754DDDBDFB896F31B6503F50F1D5A18A79F557FAA",
        "type": "SELL",
        "value": 1074.413563,
        "wallet": "terra1g3zc8lwwmkrm0cz9wkgl849pdqaw6cq8lh7872"
      },
      {
        "amount": 251.531702,
        "baseAmount": 324.890647,
        "baseSymbol": "CWLUNC",
        "executionType": "direct",
        "pairId": "amplunc-cwlunc",
        "price": 1.2916489031668859,
        "sourceContract": "terra12gkp648mkgj6esr5y6dwc2q4mftnfzk2pudka8",
        "sourcePairId": "amplunc-cwlunc-ref-1",
        "sourceType": "reference",
        "timestamp": "2026-05-11T15:07:38Z",
        "tokenAmount": 251.531702,
        "tokenSymbol": "AMPLUNC",
        "txhash": "7D0EF831DC8C76F05DC27D4D55D7248F63EA7217B3219DC576445105DD4560F2",
        "type": "SELL",
        "value": 324.890647,
        "wallet": "terra1g3zc8lwwmkrm0cz9wkgl849pdqaw6cq8lh7872"
      },
      {
        "amount": 127.353065,
        "baseAmount": 164.518475,
        "baseSymbol": "CWLUNC",
        "executionType": "direct",
        "pairId": "amplunc-cwlunc",
        "price": 1.2918297254958095,
        "sourceContract": "terra12gkp648mkgj6esr5y6dwc2q4mftnfzk2pudka8",
        "sourcePairId": "amplunc-cwlunc-ref-1",
        "sourceType": "reference",
        "timestamp": "2026-05-11T14:45:01Z",
        "tokenAmount": 127.353065,
        "tokenSymbol": "AMPLUNC",
        "txhash": "F6FC0BFA2E3BC018E002D680C670D71E89115C5EF6BBBD9C45523DBB0197E166",
        "type": "SELL",
        "value": 164.518475,
        "wallet": "terra1g3zc8lwwmkrm0cz9wkgl849pdqaw6cq8lh7872"
      },
      {
        "amount": 183.248806,
        "baseAmount": 236.753404,
        "baseSymbol": "CWLUNC",
        "executionType": "direct",
        "pairId": "amplunc-cwlunc",
        "price": 1.2919778806089464,
        "sourceContract": "terra12gkp648mkgj6esr5y6dwc2q4mftnfzk2pudka8",
        "sourcePairId": "amplunc-cwlunc-ref-1",
        "sourceType": "reference",
        "timestamp": "2026-05-11T14:43:51Z",
        "tokenAmount": 183.248806,
        "tokenSymbol": "AMPLUNC",
        "txhash": "EEA3CC7B8DEBE578A40A44795CFE52291E5DA299924BCBDD629E6AFD2EABB0E9",
        "type": "SELL",
        "value": 236.753404,
        "wallet": "terra1g3zc8lwwmkrm0cz9wkgl849pdqaw6cq8lh7872"
      },
      {
        "amount": 409.068061,
        "baseAmount": 528.622457,
        "baseSymbol": "CWLUNC",
        "executionType": "direct",
        "pairId": "amplunc-cwlunc",
        "price": 1.2922604021143564,
        "sourceContract": "terra12gkp648mkgj6esr5y6dwc2q4mftnfzk2pudka8",
        "sourcePairId": "amplunc-cwlunc-ref-1",
        "sourceType": "reference",
        "timestamp": "2026-05-11T14:38:52Z",
        "tokenAmount": 409.068061,
        "tokenSymbol": "AMPLUNC",
        "txhash": "281DB6AB160339AF4C8C867EDD23C57E3C45BE2B1852E382561BB498DB9C5E7A",
        "type": "SELL",
        "value": 528.622457,
        "wallet": "terra1g3zc8lwwmkrm0cz9wkgl849pdqaw6cq8lh7872"
      },
      {
        "amount": 1565.393582,
        "baseAmount": 2016.219399,
        "baseSymbol": "CWLUNC",
        "executionType": "direct",
        "pairId": "amplunc-cwlunc",
        "price": 1.2879951867593642,
        "sourceContract": "terra1r8k9pea8wmt93l703azhs82kpjva0cpq8tq5at",
        "sourcePairId": "amplunc-cwlunc-ref-3",
        "sourceType": "reference",
        "timestamp": "2026-05-11T11:22:21Z",
        "tokenAmount": 1565.393582,
        "tokenSymbol": "AMPLUNC",
        "txhash": "0B76D868279BE5622AD448E427ABC4EB340217B6465FE2F189EF47016B2C6B5A",
        "type": "BUY",
        "value": 2016.219399,
        "wallet": "terra1ydeh9exz82qrzw82ycjr6n462u5ldt8m8qt4rh"
      },
      {
        "amount": 6161.814993,
        "baseAmount": 7982.015311,
        "baseSymbol": "CWLUNC",
        "executionType": "direct",
        "pairId": "amplunc-cwlunc",
        "price": 1.295400027437987,
        "sourceContract": "terra12gkp648mkgj6esr5y6dwc2q4mftnfzk2pudka8",
        "sourcePairId": "amplunc-cwlunc-ref-1",
        "sourceType": "reference",
        "timestamp": "2026-05-11T09:46:12Z",
        "tokenAmount": 6161.814993,
        "tokenSymbol": "AMPLUNC",
        "txhash": "9D02C77B3FFF0EA8C7CB608E225BB7C847B60CACFFDB5D61B5AEFC4B09A764D2",
        "type": "SELL",
        "value": 7982.015311,
        "wallet": "terra1g3zc8lwwmkrm0cz9wkgl849pdqaw6cq8lh7872"
      },
      {
        "amount": 5754.163229,
        "baseAmount": 7500.0,
        "baseSymbol": "CWLUNC",
        "executionType": "direct",
        "pairId": "amplunc-cwlunc",
        "price": 1.3034041096021192,
        "sourceContract": "terra12gkp648mkgj6esr5y6dwc2q4mftnfzk2pudka8",
        "sourcePairId": "amplunc-cwlunc-ref-1",
        "sourceType": "reference",
        "timestamp": "2026-05-11T09:44:44Z",
        "tokenAmount": 5754.163229,
        "tokenSymbol": "AMPLUNC",
        "txhash": "115BABCA816E7CEC6E687D3CF316940E71259581006F3E66AD2143696A84D747",
        "type": "BUY",
        "value": 7500.0,
        "wallet": "terra1g3zc8lwwmkrm0cz9wkgl849pdqaw6cq8lh7872"
      },
      {
        "amount": 7793.549981,
        "baseAmount": 10104.776309,
        "baseSymbol": "CWLUNC",
        "executionType": "direct",
        "pairId": "amplunc-cwlunc",
        "price": 1.2965562976608311,
        "sourceContract": "terra12gkp648mkgj6esr5y6dwc2q4mftnfzk2pudka8",
        "sourcePairId": "amplunc-cwlunc-ref-1",
        "sourceType": "reference",
        "timestamp": "2026-05-10T14:41:58Z",
        "tokenAmount": 7793.549981,
        "tokenSymbol": "AMPLUNC",
        "txhash": "1DB4F2B675ABFC33EFB98AC3069302AA76D0A2C6D0A7369485982A51A0CB10F3",
        "type": "SELL",
        "value": 10104.776309,
        "wallet": "terra1q7a9kg5xusufjfjp3v8ghsc7urfrlj8m99hlwh"
      },
      {
        "amount": 2557.53132,
        "baseAmount": 3328.722648,
        "baseSymbol": "CWLUNC",
        "executionType": "direct",
        "pairId": "amplunc-cwlunc",
        "price": 1.3015373934892809,
        "sourceContract": "terra12gkp648mkgj6esr5y6dwc2q4mftnfzk2pudka8",
        "sourcePairId": "amplunc-cwlunc-ref-1",
        "sourceType": "reference",
        "timestamp": "2026-05-10T09:17:05Z",
        "tokenAmount": 2557.53132,
        "tokenSymbol": "AMPLUNC",
        "txhash": "06ABCBF163069C1F6D4F144CE5569433921EE3CA3E21C982CF3DB80C5E374B12",
        "type": "SELL",
        "value": 3328.722648,
        "wallet": "terra1g3zc8lwwmkrm0cz9wkgl849pdqaw6cq8lh7872"
      },
      {
        "amount": 38020.958345,
        "baseAmount": 50000.0,
        "baseSymbol": "CWLUNC",
        "executionType": "direct",
        "pairId": "amplunc-cwlunc",
        "price": 1.3150641692485199,
        "sourceContract": "terra1fkhc5unv3x8dss2nkthv482um40fsx7hjqmmdnq3qrjdjzup3pesaa75hg",
        "sourcePairId": "amplunc-cwlunc",
        "sourceType": "primary",
        "timestamp": "2026-05-10T08:51:56Z",
        "tokenAmount": 38020.958345,
        "tokenSymbol": "AMPLUNC",
        "txhash": "FAACCD5DA681F17C4950C0B3455AE21A97ED903B4BAABA6D6782210CA2265D63",
        "type": "BUY",
        "value": 50000.0,
        "wallet": "terra1nynrxdccq0r9ghrz0sq7tjkkh8wug0ggg4lkzsags8r9dyhf7ypqx5gsr8"
      },
      {
        "amount": 38317.109736,
        "baseAmount": 50000.0,
        "baseSymbol": "CWLUNC",
        "executionType": "direct",
        "pairId": "amplunc-cwlunc",
        "price": 1.3049000914863784,
        "sourceContract": "terra1fkhc5unv3x8dss2nkthv482um40fsx7hjqmmdnq3qrjdjzup3pesaa75hg",
        "sourcePairId": "amplunc-cwlunc",
        "sourceType": "primary",
        "timestamp": "2026-05-10T08:51:03Z",
        "tokenAmount": 38317.109736,
        "tokenSymbol": "AMPLUNC",
        "txhash": "04C889EB874D85440428EB7C4CEF8187928D1F2A0D5EBBBEF62BA74BC923644A",
        "type": "BUY",
        "value": 50000.0,
        "wallet": "terra1nynrxdccq0r9ghrz0sq7tjkkh8wug0ggg4lkzsags8r9dyhf7ypqx5gsr8"
      },
      {
        "amount": 38798.724832,
        "baseAmount": 50000.0,
        "baseSymbol": "CWLUNC",
        "executionType": "direct",
        "pairId": "amplunc-cwlunc",
        "price": 1.2887021472097848,
        "sourceContract": "terra1fkhc5unv3x8dss2nkthv482um40fsx7hjqmmdnq3qrjdjzup3pesaa75hg",
        "sourcePairId": "amplunc-cwlunc",
        "sourceType": "primary",
        "timestamp": "2026-05-10T08:50:34Z",
        "tokenAmount": 38798.724832,
        "tokenSymbol": "AMPLUNC",
        "txhash": "1E14EA7D581CD6CA7E673541B2610910984FCF9BFEFC4D8CBC477F631658015D",
        "type": "BUY",
        "value": 50000.0,
        "wallet": "terra1nynrxdccq0r9ghrz0sq7tjkkh8wug0ggg4lkzsags8r9dyhf7ypqx5gsr8"
      },
      {
        "amount": 9552.900276,
        "baseAmount": 12125.033597,
        "baseSymbol": "CWLUNC",
        "executionType": "direct",
        "pairId": "amplunc-cwlunc",
        "price": 1.2692515620059426,
        "sourceContract": "terra12gkp648mkgj6esr5y6dwc2q4mftnfzk2pudka8",
        "sourcePairId": "amplunc-cwlunc-ref-1",
        "sourceType": "reference",
        "timestamp": "2026-05-10T04:53:22Z",
        "tokenAmount": 9552.900276,
        "tokenSymbol": "AMPLUNC",
        "txhash": "BF2BB33CC5D064C22A9877C854145A59E95A57729322CE14B0FD68686ABFAE8F",
        "type": "BUY",
        "value": 12125.033597,
        "wallet": "terra1q7a9kg5xusufjfjp3v8ghsc7urfrlj8m99hlwh"
      },
      {
        "amount": 60000.0,
        "baseAmount": 77117.468166,
        "baseSymbol": "CWLUNC",
        "executionType": "direct",
        "pairId": "amplunc-cwlunc",
        "price": 1.2852911361000001,
        "sourceContract": "terra12gkp648mkgj6esr5y6dwc2q4mftnfzk2pudka8",
        "sourcePairId": "amplunc-cwlunc-ref-1",
        "sourceType": "reference",
        "timestamp": "2026-05-09T20:19:49Z",
        "tokenAmount": 60000.0,
        "tokenSymbol": "AMPLUNC",
        "txhash": "545D23E6DA70DC79791F66EC7D97DAAD16AD5F6A0DD3766577038F4F6E825B8A",
        "type": "SELL",
        "value": 77117.468166,
        "wallet": "terra1gqen4nmatzkgemacvzvhcrmdm9dxp955ent90w"
      },
      {
        "amount": 4000.0,
        "baseAmount": 5264.071673,
        "baseSymbol": "CWLUNC",
        "executionType": "direct",
        "pairId": "amplunc-cwlunc",
        "price": 1.31601791825,
        "sourceContract": "terra12gkp648mkgj6esr5y6dwc2q4mftnfzk2pudka8",
        "sourcePairId": "amplunc-cwlunc-ref-1",
        "sourceType": "reference",
        "timestamp": "2026-05-09T20:18:56Z",
        "tokenAmount": 4000.0,
        "tokenSymbol": "AMPLUNC",
        "txhash": "E0E2FEF2E711A2C95FB9824384EEEBBAF3F085B707CCE59850D9A59B1F942137",
        "type": "SELL",
        "value": 5264.071673,
        "wallet": "terra1gqen4nmatzkgemacvzvhcrmdm9dxp955ent90w"
      }
    ],
    "amplunc-cwustc": [],
    "amplunc-lunc": [
      {
        "amount": 50000.0,
        "baseAmount": 38020.958345,
        "baseSymbol": "LUNC",
        "executionType": "routed",
        "pairId": "amplunc-lunc",
        "price": 0.7604191669,
        "sourceContract": "terra1nynrxdccq0r9ghrz0sq7tjkkh8wug0ggg4lkzsags8r9dyhf7ypqx5gsr8",
        "sourcePairId": "amplunc-lunc",
        "sourceType": "routed",
        "timestamp": "2026-05-10T08:51:56Z",
        "tokenAmount": 50000.0,
        "tokenSymbol": "AMPLUNC",
        "txhash": "FAACCD5DA681F17C4950C0B3455AE21A97ED903B4BAABA6D6782210CA2265D63",
        "type": "SWAP",
        "value": 38020.958345,
        "wallet": ""
      },
      {
        "amount": 50000.0,
        "baseAmount": 38317.109736,
        "baseSymbol": "LUNC",
        "executionType": "routed",
        "pairId": "amplunc-lunc",
        "price": 0.76634219472,
        "sourceContract": "terra1nynrxdccq0r9ghrz0sq7tjkkh8wug0ggg4lkzsags8r9dyhf7ypqx5gsr8",
        "sourcePairId": "amplunc-lunc",
        "sourceType": "routed",
        "timestamp": "2026-05-10T08:51:03Z",
        "tokenAmount": 50000.0,
        "tokenSymbol": "AMPLUNC",
        "txhash": "04C889EB874D85440428EB7C4CEF8187928D1F2A0D5EBBBEF62BA74BC923644A",
        "type": "SWAP",
        "value": 38317.109736,
        "wallet": ""
      },
      {
        "amount": 50000.0,
        "baseAmount": 38798.724832,
        "baseSymbol": "LUNC",
        "executionType": "routed",
        "pairId": "amplunc-lunc",
        "price": 0.77597449664,
        "sourceContract": "terra1nynrxdccq0r9ghrz0sq7tjkkh8wug0ggg4lkzsags8r9dyhf7ypqx5gsr8",
        "sourcePairId": "amplunc-lunc",
        "sourceType": "routed",
        "timestamp": "2026-05-10T08:50:34Z",
        "tokenAmount": 50000.0,
        "tokenSymbol": "AMPLUNC",
        "txhash": "1E14EA7D581CD6CA7E673541B2610910984FCF9BFEFC4D8CBC477F631658015D",
        "type": "SWAP",
        "value": 38798.724832,
        "wallet": ""
      },
      {
        "amount": 12345.0,
        "baseAmount": 9578.673131,
        "baseSymbol": "LUNC",
        "executionType": "routed",
        "pairId": "amplunc-lunc",
        "price": 0.775915198946942,
        "sourceContract": "terra1nynrxdccq0r9ghrz0sq7tjkkh8wug0ggg4lkzsags8r9dyhf7ypqx5gsr8",
        "sourcePairId": "amplunc-lunc",
        "sourceType": "routed",
        "timestamp": "2026-05-02T01:06:00Z",
        "tokenAmount": 12345.0,
        "tokenSymbol": "AMPLUNC",
        "txhash": "8076734D8388FE5F314EE91CD4B69CE1C6B53D3A0F52702F75B856414F205B05",
        "type": "SWAP",
        "value": 9578.673131,
        "wallet": ""
      },
      {
        "amount": 26772.690282,
        "baseAmount": 20608.777342,
        "baseSymbol": "LUNC",
        "executionType": "routed",
        "pairId": "amplunc-lunc",
        "price": 0.7697686382998961,
        "sourceContract": "terra1nynrxdccq0r9ghrz0sq7tjkkh8wug0ggg4lkzsags8r9dyhf7ypqx5gsr8",
        "sourcePairId": "amplunc-lunc",
        "sourceType": "routed",
        "timestamp": "2026-05-02T00:06:35Z",
        "tokenAmount": 26772.690282,
        "tokenSymbol": "AMPLUNC",
        "txhash": "EC33BB46AF37719207927BC74BDBFEDFB34FA94CC5E08B5F20BFB8B2D67B5FA6",
        "type": "SWAP",
        "value": 20608.777342,
        "wallet": ""
      }
    ],
    "amplunc-mdot": [],
    "amplunc-ustc": [],
    "astro-amplunc": [],
    "astro-cwlunc": [
      {
        "amount": 172.701614,
        "baseAmount": 1188.26237,
        "baseSymbol": "CWLUNC",
        "executionType": "direct",
        "pairId": "astro-cwlunc",
        "price": 6.880435813413995,
        "sourceContract": "terra1udqrxagr6tu0snr89hcyntj3zm0tjra3pslalsvyq6aczmr7aqtsfyyv48",
        "sourcePairId": "astro-cwlunc",
        "sourceType": "primary",
        "timestamp": "2026-05-21T11:06:15Z",
        "tokenAmount": 172.701614,
        "tokenSymbol": "ASTRO",
        "txhash": "CC728FADA4F5B2F90ADE94BE72B6E81457D05C37B130EC7A1FC0116CFAC768E9",
        "type": "SELL",
        "value": 1188.26237,
        "wallet": "terra1nynrxdccq0r9ghrz0sq7tjkkh8wug0ggg4lkzsags8r9dyhf7ypqx5gsr8"
      },
      {
        "amount": 172.701614,
        "baseAmount": 500.0,
        "baseSymbol": "CWLUNC",
        "executionType": "direct",
        "pairId": "astro-cwlunc",
        "price": 2.8951669206751016,
        "sourceContract": "terra1udqrxagr6tu0snr89hcyntj3zm0tjra3pslalsvyq6aczmr7aqtsfyyv48",
        "sourcePairId": "astro-cwlunc",
        "sourceType": "primary",
        "timestamp": "2026-05-21T11:05:46Z",
        "tokenAmount": 172.701614,
        "tokenSymbol": "ASTRO",
        "txhash": "10426D67AFB2E776FBCD3530723E4756538DF423CF892B40EE1C56C35EF57DED",
        "type": "BUY",
        "value": 500.0,
        "wallet": "terra1nynrxdccq0r9ghrz0sq7tjkkh8wug0ggg4lkzsags8r9dyhf7ypqx5gsr8"
      },
      {
        "amount": 172.701614,
        "baseAmount": 1188.26237,
        "baseSymbol": "CWLUNC",
        "executionType": "direct",
        "pairId": "astro-cwlunc",
        "price": 6.880435813413995,
        "sourceContract": "terra1udqrxagr6tu0snr89hcyntj3zm0tjra3pslalsvyq6aczmr7aqtsfyyv48",
        "sourcePairId": "astro-cwlunc",
        "sourceType": "primary",
        "timestamp": "2026-05-21T11:02:49Z",
        "tokenAmount": 172.701614,
        "tokenSymbol": "ASTRO",
        "txhash": "91214F8CE6B4F6D6A689A97BA1BDAC63BC940D8AD6F5E9E16051AD5D1B1215E3",
        "type": "SELL",
        "value": 1188.26237,
        "wallet": "terra1nynrxdccq0r9ghrz0sq7tjkkh8wug0ggg4lkzsags8r9dyhf7ypqx5gsr8"
      },
      {
        "amount": 172.701614,
        "baseAmount": 500.0,
        "baseSymbol": "CWLUNC",
        "executionType": "direct",
        "pairId": "astro-cwlunc",
        "price": 2.8951669206751016,
        "sourceContract": "terra1udqrxagr6tu0snr89hcyntj3zm0tjra3pslalsvyq6aczmr7aqtsfyyv48",
        "sourcePairId": "astro-cwlunc",
        "sourceType": "primary",
        "timestamp": "2026-05-21T11:02:25Z",
        "tokenAmount": 172.701614,
        "tokenSymbol": "ASTRO",
        "txhash": "774CE0C3C89A3DC3DC91A0DEC1DC931DB6BABDE40E44475ABE8572C42BB2B67B",
        "type": "BUY",
        "value": 500.0,
        "wallet": "terra1nynrxdccq0r9ghrz0sq7tjkkh8wug0ggg4lkzsags8r9dyhf7ypqx5gsr8"
      },
      {
        "amount": 172.701614,
        "baseAmount": 1188.26237,
        "baseSymbol": "CWLUNC",
        "executionType": "direct",
        "pairId": "astro-cwlunc",
        "price": 6.880435813413995,
        "sourceContract": "terra1udqrxagr6tu0snr89hcyntj3zm0tjra3pslalsvyq6aczmr7aqtsfyyv48",
        "sourcePairId": "astro-cwlunc",
        "sourceType": "primary",
        "timestamp": "2026-05-21T10:54:18Z",
        "tokenAmount": 172.701614,
        "tokenSymbol": "ASTRO",
        "txhash": "8BC8F214C29E217BF2EBE5382831CD055D2570554D192C127CE3F0B2356FF554",
        "type": "SELL",
        "value": 1188.26237,
        "wallet": "terra1nynrxdccq0r9ghrz0sq7tjkkh8wug0ggg4lkzsags8r9dyhf7ypqx5gsr8"
      },
      {
        "amount": 172.701614,
        "baseAmount": 500.0,
        "baseSymbol": "CWLUNC",
        "executionType": "direct",
        "pairId": "astro-cwlunc",
        "price": 2.8951669206751016,
        "sourceContract": "terra1udqrxagr6tu0snr89hcyntj3zm0tjra3pslalsvyq6aczmr7aqtsfyyv48",
        "sourcePairId": "astro-cwlunc",
        "sourceType": "primary",
        "timestamp": "2026-05-21T10:53:48Z",
        "tokenAmount": 172.701614,
        "tokenSymbol": "ASTRO",
        "txhash": "A58DA526547167BE42F7926A57DE5DDED9E7633C3A8AC263D3CA324A58C271BF",
        "type": "BUY",
        "value": 500.0,
        "wallet": "terra1nynrxdccq0r9ghrz0sq7tjkkh8wug0ggg4lkzsags8r9dyhf7ypqx5gsr8"
      },
      {
        "amount": 172.701614,
        "baseAmount": 1188.26237,
        "baseSymbol": "CWLUNC",
        "executionType": "direct",
        "pairId": "astro-cwlunc",
        "price": 6.880435813413995,
        "sourceContract": "terra1udqrxagr6tu0snr89hcyntj3zm0tjra3pslalsvyq6aczmr7aqtsfyyv48",
        "sourcePairId": "astro-cwlunc",
        "sourceType": "primary",
        "timestamp": "2026-05-21T10:30:08Z",
        "tokenAmount": 172.701614,
        "tokenSymbol": "ASTRO",
        "txhash": "9915047EAFA9E4E274943679A22C2A361AA7EE8F9A92873A897E5BF001C2F5A7",
        "type": "SELL",
        "value": 1188.26237,
        "wallet": "terra1nynrxdccq0r9ghrz0sq7tjkkh8wug0ggg4lkzsags8r9dyhf7ypqx5gsr8"
      },
      {
        "amount": 172.701614,
        "baseAmount": 500.0,
        "baseSymbol": "CWLUNC",
        "executionType": "direct",
        "pairId": "astro-cwlunc",
        "price": 2.8951669206751016,
        "sourceContract": "terra1udqrxagr6tu0snr89hcyntj3zm0tjra3pslalsvyq6aczmr7aqtsfyyv48",
        "sourcePairId": "astro-cwlunc",
        "sourceType": "primary",
        "timestamp": "2026-05-21T10:29:44Z",
        "tokenAmount": 172.701614,
        "tokenSymbol": "ASTRO",
        "txhash": "4F1A4A6E7E7B09AAFB32ED74FCC582BFC96F84203F23313CDD4F5979EC35B005",
        "type": "BUY",
        "value": 500.0,
        "wallet": "terra1nynrxdccq0r9ghrz0sq7tjkkh8wug0ggg4lkzsags8r9dyhf7ypqx5gsr8"
      },
      {
        "amount": 172.701614,
        "baseAmount": 1188.26237,
        "baseSymbol": "CWLUNC",
        "executionType": "direct",
        "pairId": "astro-cwlunc",
        "price": 6.880435813413995,
        "sourceContract": "terra1udqrxagr6tu0snr89hcyntj3zm0tjra3pslalsvyq6aczmr7aqtsfyyv48",
        "sourcePairId": "astro-cwlunc",
        "sourceType": "primary",
        "timestamp": "2026-05-21T10:26:36Z",
        "tokenAmount": 172.701614,
        "tokenSymbol": "ASTRO",
        "txhash": "14F044424F4A083E406B8ACBD0BD2D009116478D1EE58AFCB55A52E424462E7F",
        "type": "SELL",
        "value": 1188.26237,
        "wallet": "terra1nynrxdccq0r9ghrz0sq7tjkkh8wug0ggg4lkzsags8r9dyhf7ypqx5gsr8"
      },
      {
        "amount": 172.701614,
        "baseAmount": 500.0,
        "baseSymbol": "CWLUNC",
        "executionType": "direct",
        "pairId": "astro-cwlunc",
        "price": 2.8951669206751016,
        "sourceContract": "terra1udqrxagr6tu0snr89hcyntj3zm0tjra3pslalsvyq6aczmr7aqtsfyyv48",
        "sourcePairId": "astro-cwlunc",
        "sourceType": "primary",
        "timestamp": "2026-05-21T10:26:07Z",
        "tokenAmount": 172.701614,
        "tokenSymbol": "ASTRO",
        "txhash": "665C61392DEA2B195916883BED0783020B4FE59ABCAB7029638A654BDAD99D1F",
        "type": "BUY",
        "value": 500.0,
        "wallet": "terra1nynrxdccq0r9ghrz0sq7tjkkh8wug0ggg4lkzsags8r9dyhf7ypqx5gsr8"
      },
      {
        "amount": 172.701614,
        "baseAmount": 1188.26237,
        "baseSymbol": "CWLUNC",
        "executionType": "direct",
        "pairId": "astro-cwlunc",
        "price": 6.880435813413995,
        "sourceContract": "terra1udqrxagr6tu0snr89hcyntj3zm0tjra3pslalsvyq6aczmr7aqtsfyyv48",
        "sourcePairId": "astro-cwlunc",
        "sourceType": "primary",
        "timestamp": "2026-05-21T10:12:55Z",
        "tokenAmount": 172.701614,
        "tokenSymbol": "ASTRO",
        "txhash": "318D644B09094091C525E4606642AB797D25AAEBDFBC33B344BBB1E682168CD2",
        "type": "SELL",
        "value": 1188.26237,
        "wallet": "terra1nynrxdccq0r9ghrz0sq7tjkkh8wug0ggg4lkzsags8r9dyhf7ypqx5gsr8"
      },
      {
        "amount": 172.701614,
        "baseAmount": 500.0,
        "baseSymbol": "CWLUNC",
        "executionType": "direct",
        "pairId": "astro-cwlunc",
        "price": 2.8951669206751016,
        "sourceContract": "terra1udqrxagr6tu0snr89hcyntj3zm0tjra3pslalsvyq6aczmr7aqtsfyyv48",
        "sourcePairId": "astro-cwlunc",
        "sourceType": "primary",
        "timestamp": "2026-05-21T10:12:37Z",
        "tokenAmount": 172.701614,
        "tokenSymbol": "ASTRO",
        "txhash": "3EEFAC37782EB64681A327B50D80E076F264D8CDDA32A869DA5C31C4DC30F907",
        "type": "BUY",
        "value": 500.0,
        "wallet": "terra1nynrxdccq0r9ghrz0sq7tjkkh8wug0ggg4lkzsags8r9dyhf7ypqx5gsr8"
      },
      {
        "amount": 172.701614,
        "baseAmount": 1188.26237,
        "baseSymbol": "CWLUNC",
        "executionType": "direct",
        "pairId": "astro-cwlunc",
        "price": 6.880435813413995,
        "sourceContract": "terra1udqrxagr6tu0snr89hcyntj3zm0tjra3pslalsvyq6aczmr7aqtsfyyv48",
        "sourcePairId": "astro-cwlunc",
        "sourceType": "primary",
        "timestamp": "2026-05-21T10:06:50Z",
        "tokenAmount": 172.701614,
        "tokenSymbol": "ASTRO",
        "txhash": "EA129A3F4B00099D4CA8019D3F9E24B8C1AD783F7D0B1488DA7D0232002A1B06",
        "type": "SELL",
        "value": 1188.26237,
        "wallet": "terra1nynrxdccq0r9ghrz0sq7tjkkh8wug0ggg4lkzsags8r9dyhf7ypqx5gsr8"
      },
      {
        "amount": 172.701614,
        "baseAmount": 500.0,
        "baseSymbol": "CWLUNC",
        "executionType": "direct",
        "pairId": "astro-cwlunc",
        "price": 2.8951669206751016,
        "sourceContract": "terra1udqrxagr6tu0snr89hcyntj3zm0tjra3pslalsvyq6aczmr7aqtsfyyv48",
        "sourcePairId": "astro-cwlunc",
        "sourceType": "primary",
        "timestamp": "2026-05-21T10:06:32Z",
        "tokenAmount": 172.701614,
        "tokenSymbol": "ASTRO",
        "txhash": "F332F1B8649E0020E0E5F16B21100BAEBFF2D060D50C25D3185470694FD874D1",
        "type": "BUY",
        "value": 500.0,
        "wallet": "terra1nynrxdccq0r9ghrz0sq7tjkkh8wug0ggg4lkzsags8r9dyhf7ypqx5gsr8"
      },
      {
        "amount": 172.701614,
        "baseAmount": 1188.26237,
        "baseSymbol": "CWLUNC",
        "executionType": "direct",
        "pairId": "astro-cwlunc",
        "price": 6.880435813413995,
        "sourceContract": "terra1udqrxagr6tu0snr89hcyntj3zm0tjra3pslalsvyq6aczmr7aqtsfyyv48",
        "sourcePairId": "astro-cwlunc",
        "sourceType": "primary",
        "timestamp": "2026-05-21T09:47:07Z",
        "tokenAmount": 172.701614,
        "tokenSymbol": "ASTRO",
        "txhash": "5C28D76A583CC49CE8E3E17F61A9433A01BF9ECB35A98DE75F6CA60C2A237772",
        "type": "SELL",
        "value": 1188.26237,
        "wallet": "terra1nynrxdccq0r9ghrz0sq7tjkkh8wug0ggg4lkzsags8r9dyhf7ypqx5gsr8"
      },
      {
        "amount": 172.701614,
        "baseAmount": 500.0,
        "baseSymbol": "CWLUNC",
        "executionType": "direct",
        "pairId": "astro-cwlunc",
        "price": 2.8951669206751016,
        "sourceContract": "terra1udqrxagr6tu0snr89hcyntj3zm0tjra3pslalsvyq6aczmr7aqtsfyyv48",
        "sourcePairId": "astro-cwlunc",
        "sourceType": "primary",
        "timestamp": "2026-05-21T09:46:31Z",
        "tokenAmount": 172.701614,
        "tokenSymbol": "ASTRO",
        "txhash": "A57DBE7660B3B621AA427DBECE14C146FFACD52DB86C0C7CA09001100DF9D87F",
        "type": "BUY",
        "value": 500.0,
        "wallet": "terra1nynrxdccq0r9ghrz0sq7tjkkh8wug0ggg4lkzsags8r9dyhf7ypqx5gsr8"
      },
      {
        "amount": 172.701614,
        "baseAmount": 1188.26237,
        "baseSymbol": "CWLUNC",
        "executionType": "direct",
        "pairId": "astro-cwlunc",
        "price": 6.880435813413995,
        "sourceContract": "terra1udqrxagr6tu0snr89hcyntj3zm0tjra3pslalsvyq6aczmr7aqtsfyyv48",
        "sourcePairId": "astro-cwlunc",
        "sourceType": "primary",
        "timestamp": "2026-05-21T09:45:39Z",
        "tokenAmount": 172.701614,
        "tokenSymbol": "ASTRO",
        "txhash": "8547007C4B4BAD0846641D54BC33080B28EA5E7F38E7B38F67622330F276CA95",
        "type": "SELL",
        "value": 1188.26237,
        "wallet": "terra1nynrxdccq0r9ghrz0sq7tjkkh8wug0ggg4lkzsags8r9dyhf7ypqx5gsr8"
      },
      {
        "amount": 172.701614,
        "baseAmount": 500.0,
        "baseSymbol": "CWLUNC",
        "executionType": "direct",
        "pairId": "astro-cwlunc",
        "price": 2.8951669206751016,
        "sourceContract": "terra1udqrxagr6tu0snr89hcyntj3zm0tjra3pslalsvyq6aczmr7aqtsfyyv48",
        "sourcePairId": "astro-cwlunc",
        "sourceType": "primary",
        "timestamp": "2026-05-21T09:44:57Z",
        "tokenAmount": 172.701614,
        "tokenSymbol": "ASTRO",
        "txhash": "EB6D6F8DA3FECCB83614AD31B70E5AC33DF2D79E7893743F5299FB4DC2BAD2B3",
        "type": "BUY",
        "value": 500.0,
        "wallet": "terra1nynrxdccq0r9ghrz0sq7tjkkh8wug0ggg4lkzsags8r9dyhf7ypqx5gsr8"
      },
      {
        "amount": 174.338665,
        "baseAmount": 1199.420119,
        "baseSymbol": "CWLUNC",
        "executionType": "direct",
        "pairId": "astro-cwlunc",
        "price": 6.87982851652558,
        "sourceContract": "terra1udqrxagr6tu0snr89hcyntj3zm0tjra3pslalsvyq6aczmr7aqtsfyyv48",
        "sourcePairId": "astro-cwlunc",
        "sourceType": "primary",
        "timestamp": "2026-05-21T09:41:50Z",
        "tokenAmount": 174.338665,
        "tokenSymbol": "ASTRO",
        "txhash": "DD074767FF685BA503A5A66AC71D274B17CFFAD09D33BC0AE6FED6FCCD315995",
        "type": "SELL",
        "value": 1199.420119,
        "wallet": "terra1nynrxdccq0r9ghrz0sq7tjkkh8wug0ggg4lkzsags8r9dyhf7ypqx5gsr8"
      },
      {
        "amount": 1565.022072,
        "baseAmount": 10638.697114,
        "baseSymbol": "CWLUNC",
        "executionType": "direct",
        "pairId": "astro-cwlunc",
        "price": 6.797793656931888,
        "sourceContract": "terra1nujm9zqa4hpaz9s8wrhrp86h3m9xwprjt9kmf9",
        "sourcePairId": "astro-cwlunc-ref-1",
        "sourceType": "reference",
        "timestamp": "2026-05-21T09:40:51Z",
        "tokenAmount": 1565.022072,
        "tokenSymbol": "ASTRO",
        "txhash": "9E2726E0F8E1E7246D05BD609037F89E2C51734419092582E33A0FB7A3E6E56B",
        "type": "BUY",
        "value": 10638.697114,
        "wallet": "terra1ydeh9exz82qrzw82ycjr6n462u5ldt8m8qt4rh"
      },
      {
        "amount": 174.338665,
        "baseAmount": 500.0,
        "baseSymbol": "CWLUNC",
        "executionType": "direct",
        "pairId": "astro-cwlunc",
        "price": 2.8679811216863453,
        "sourceContract": "terra1udqrxagr6tu0snr89hcyntj3zm0tjra3pslalsvyq6aczmr7aqtsfyyv48",
        "sourcePairId": "astro-cwlunc",
        "sourceType": "primary",
        "timestamp": "2026-05-21T09:40:45Z",
        "tokenAmount": 174.338665,
        "tokenSymbol": "ASTRO",
        "txhash": "A2C6CEAAB686DEA724E9782D88139B843A86A59E057FF8C669F4D68B1EFFAB35",
        "type": "BUY",
        "value": 500.0,
        "wallet": "terra1nynrxdccq0r9ghrz0sq7tjkkh8wug0ggg4lkzsags8r9dyhf7ypqx5gsr8"
      },
      {
        "amount": 174.338665,
        "baseAmount": 1173.229971,
        "baseSymbol": "CWLUNC",
        "executionType": "direct",
        "pairId": "astro-cwlunc",
        "price": 6.729602816449237,
        "sourceContract": "terra1udqrxagr6tu0snr89hcyntj3zm0tjra3pslalsvyq6aczmr7aqtsfyyv48",
        "sourcePairId": "astro-cwlunc",
        "sourceType": "primary",
        "timestamp": "2026-05-21T09:32:22Z",
        "tokenAmount": 174.338665,
        "tokenSymbol": "ASTRO",
        "txhash": "4081E3FE2EB1ACA2BC06598E936758AB1CE75393CC0A74EE4101B9888C9F04E2",
        "type": "SELL",
        "value": 1173.229971,
        "wallet": "terra1nynrxdccq0r9ghrz0sq7tjkkh8wug0ggg4lkzsags8r9dyhf7ypqx5gsr8"
      },
      {
        "amount": 174.338665,
        "baseAmount": 500.0,
        "baseSymbol": "CWLUNC",
        "executionType": "direct",
        "pairId": "astro-cwlunc",
        "price": 2.8679811216863453,
        "sourceContract": "terra1udqrxagr6tu0snr89hcyntj3zm0tjra3pslalsvyq6aczmr7aqtsfyyv48",
        "sourcePairId": "astro-cwlunc",
        "sourceType": "primary",
        "timestamp": "2026-05-21T09:31:46Z",
        "tokenAmount": 174.338665,
        "tokenSymbol": "ASTRO",
        "txhash": "13BFFB96269F3E554C6D35859BDC4A6FA824F5A58187354B3724F6FC93F83F8D",
        "type": "BUY",
        "value": 500.0,
        "wallet": "terra1nynrxdccq0r9ghrz0sq7tjkkh8wug0ggg4lkzsags8r9dyhf7ypqx5gsr8"
      },
      {
        "amount": 174.338665,
        "baseAmount": 1173.229971,
        "baseSymbol": "CWLUNC",
        "executionType": "direct",
        "pairId": "astro-cwlunc",
        "price": 6.729602816449237,
        "sourceContract": "terra1udqrxagr6tu0snr89hcyntj3zm0tjra3pslalsvyq6aczmr7aqtsfyyv48",
        "sourcePairId": "astro-cwlunc",
        "sourceType": "primary",
        "timestamp": "2026-05-21T09:29:55Z",
        "tokenAmount": 174.338665,
        "tokenSymbol": "ASTRO",
        "txhash": "99DEED190F24E2BFBCDF3F24E0F08BCA410894199BC3442416A9CED2D4BA7506",
        "type": "SELL",
        "value": 1173.229971,
        "wallet": "terra1nynrxdccq0r9ghrz0sq7tjkkh8wug0ggg4lkzsags8r9dyhf7ypqx5gsr8"
      },
      {
        "amount": 174.338665,
        "baseAmount": 500.0,
        "baseSymbol": "CWLUNC",
        "executionType": "direct",
        "pairId": "astro-cwlunc",
        "price": 2.8679811216863453,
        "sourceContract": "terra1udqrxagr6tu0snr89hcyntj3zm0tjra3pslalsvyq6aczmr7aqtsfyyv48",
        "sourcePairId": "astro-cwlunc",
        "sourceType": "primary",
        "timestamp": "2026-05-21T09:29:31Z",
        "tokenAmount": 174.338665,
        "tokenSymbol": "ASTRO",
        "txhash": "9E86E3DD6EC80A22B20725DC8589B6E8B36D9E939B873FC998F7BAFE362956E8",
        "type": "BUY",
        "value": 500.0,
        "wallet": "terra1nynrxdccq0r9ghrz0sq7tjkkh8wug0ggg4lkzsags8r9dyhf7ypqx5gsr8"
      },
      {
        "amount": 174.338665,
        "baseAmount": 1173.229971,
        "baseSymbol": "CWLUNC",
        "executionType": "direct",
        "pairId": "astro-cwlunc",
        "price": 6.729602816449237,
        "sourceContract": "terra1udqrxagr6tu0snr89hcyntj3zm0tjra3pslalsvyq6aczmr7aqtsfyyv48",
        "sourcePairId": "astro-cwlunc",
        "sourceType": "primary",
        "timestamp": "2026-05-21T09:22:41Z",
        "tokenAmount": 174.338665,
        "tokenSymbol": "ASTRO",
        "txhash": "2CC749B6DCBB2F338FBF0D32C7D196283D6698E5A1597FBB3DDFA7F0E019AF8D",
        "type": "SELL",
        "value": 1173.229971,
        "wallet": "terra1nynrxdccq0r9ghrz0sq7tjkkh8wug0ggg4lkzsags8r9dyhf7ypqx5gsr8"
      },
      {
        "amount": 174.338665,
        "baseAmount": 500.0,
        "baseSymbol": "CWLUNC",
        "executionType": "direct",
        "pairId": "astro-cwlunc",
        "price": 2.8679811216863453,
        "sourceContract": "terra1udqrxagr6tu0snr89hcyntj3zm0tjra3pslalsvyq6aczmr7aqtsfyyv48",
        "sourcePairId": "astro-cwlunc",
        "sourceType": "primary",
        "timestamp": "2026-05-21T09:22:18Z",
        "tokenAmount": 174.338665,
        "tokenSymbol": "ASTRO",
        "txhash": "31198B2F7F1ABCB2E8CDD9A77E06E229C94C71F1957AAC88AC44312968F6547E",
        "type": "BUY",
        "value": 500.0,
        "wallet": "terra1nynrxdccq0r9ghrz0sq7tjkkh8wug0ggg4lkzsags8r9dyhf7ypqx5gsr8"
      },
      {
        "amount": 174.338665,
        "baseAmount": 1173.229971,
        "baseSymbol": "CWLUNC",
        "executionType": "direct",
        "pairId": "astro-cwlunc",
        "price": 6.729602816449237,
        "sourceContract": "terra1udqrxagr6tu0snr89hcyntj3zm0tjra3pslalsvyq6aczmr7aqtsfyyv48",
        "sourcePairId": "astro-cwlunc",
        "sourceType": "primary",
        "timestamp": "2026-05-21T09:20:50Z",
        "tokenAmount": 174.338665,
        "tokenSymbol": "ASTRO",
        "txhash": "892E04FF7C891F9F7757B105D41258984DFEC1D10A8F27022B607CA26D97928C",
        "type": "SELL",
        "value": 1173.229971,
        "wallet": "terra1nynrxdccq0r9ghrz0sq7tjkkh8wug0ggg4lkzsags8r9dyhf7ypqx5gsr8"
      },
      {
        "amount": 174.338665,
        "baseAmount": 500.0,
        "baseSymbol": "CWLUNC",
        "executionType": "direct",
        "pairId": "astro-cwlunc",
        "price": 2.8679811216863453,
        "sourceContract": "terra1udqrxagr6tu0snr89hcyntj3zm0tjra3pslalsvyq6aczmr7aqtsfyyv48",
        "sourcePairId": "astro-cwlunc",
        "sourceType": "primary",
        "timestamp": "2026-05-21T09:20:26Z",
        "tokenAmount": 174.338665,
        "tokenSymbol": "ASTRO",
        "txhash": "59DA255AB4548C717C69DD0674F6265ADE1870076C3D1ECBF3FB1DC0C420B39E",
        "type": "BUY",
        "value": 500.0,
        "wallet": "terra1nynrxdccq0r9ghrz0sq7tjkkh8wug0ggg4lkzsags8r9dyhf7ypqx5gsr8"
      },
      {
        "amount": 174.338665,
        "baseAmount": 1173.229971,
        "baseSymbol": "CWLUNC",
        "executionType": "direct",
        "pairId": "astro-cwlunc",
        "price": 6.729602816449237,
        "sourceContract": "terra1udqrxagr6tu0snr89hcyntj3zm0tjra3pslalsvyq6aczmr7aqtsfyyv48",
        "sourcePairId": "astro-cwlunc",
        "sourceType": "primary",
        "timestamp": "2026-05-21T09:02:10Z",
        "tokenAmount": 174.338665,
        "tokenSymbol": "ASTRO",
        "txhash": "F7A76BF8E6932A72973B23AA59EDD20D71D06FF996F6FB2B477887FF5CDCFF63",
        "type": "SELL",
        "value": 1173.229971,
        "wallet": "terra1nynrxdccq0r9ghrz0sq7tjkkh8wug0ggg4lkzsags8r9dyhf7ypqx5gsr8"
      },
      {
        "amount": 174.338665,
        "baseAmount": 500.0,
        "baseSymbol": "CWLUNC",
        "executionType": "direct",
        "pairId": "astro-cwlunc",
        "price": 2.8679811216863453,
        "sourceContract": "terra1udqrxagr6tu0snr89hcyntj3zm0tjra3pslalsvyq6aczmr7aqtsfyyv48",
        "sourcePairId": "astro-cwlunc",
        "sourceType": "primary",
        "timestamp": "2026-05-21T09:01:52Z",
        "tokenAmount": 174.338665,
        "tokenSymbol": "ASTRO",
        "txhash": "B37E2223C1DF8DCC8DABB9F996532532007F585290245CE6FD27820AAF5E9304",
        "type": "BUY",
        "value": 500.0,
        "wallet": "terra1nynrxdccq0r9ghrz0sq7tjkkh8wug0ggg4lkzsags8r9dyhf7ypqx5gsr8"
      },
      {
        "amount": 174.338665,
        "baseAmount": 1173.229971,
        "baseSymbol": "CWLUNC",
        "executionType": "direct",
        "pairId": "astro-cwlunc",
        "price": 6.729602816449237,
        "sourceContract": "terra1udqrxagr6tu0snr89hcyntj3zm0tjra3pslalsvyq6aczmr7aqtsfyyv48",
        "sourcePairId": "astro-cwlunc",
        "sourceType": "primary",
        "timestamp": "2026-05-21T08:04:38Z",
        "tokenAmount": 174.338665,
        "tokenSymbol": "ASTRO",
        "txhash": "845FA8731E7A297BCAECC2572E90154AC2F4E84ADDDBC1D9FEE461C62718781F",
        "type": "SELL",
        "value": 1173.229971,
        "wallet": "terra1nynrxdccq0r9ghrz0sq7tjkkh8wug0ggg4lkzsags8r9dyhf7ypqx5gsr8"
      },
      {
        "amount": 174.338665,
        "baseAmount": 500.0,
        "baseSymbol": "CWLUNC",
        "executionType": "direct",
        "pairId": "astro-cwlunc",
        "price": 2.8679811216863453,
        "sourceContract": "terra1udqrxagr6tu0snr89hcyntj3zm0tjra3pslalsvyq6aczmr7aqtsfyyv48",
        "sourcePairId": "astro-cwlunc",
        "sourceType": "primary",
        "timestamp": "2026-05-21T08:04:14Z",
        "tokenAmount": 174.338665,
        "tokenSymbol": "ASTRO",
        "txhash": "D31124CD825DFC9A185D5DDC24AD161911E37A51078B5D25B43E865B062DA1ED",
        "type": "BUY",
        "value": 500.0,
        "wallet": "terra1nynrxdccq0r9ghrz0sq7tjkkh8wug0ggg4lkzsags8r9dyhf7ypqx5gsr8"
      },
      {
        "amount": 174.338665,
        "baseAmount": 1173.229971,
        "baseSymbol": "CWLUNC",
        "executionType": "direct",
        "pairId": "astro-cwlunc",
        "price": 6.729602816449237,
        "sourceContract": "terra1udqrxagr6tu0snr89hcyntj3zm0tjra3pslalsvyq6aczmr7aqtsfyyv48",
        "sourcePairId": "astro-cwlunc",
        "sourceType": "primary",
        "timestamp": "2026-05-21T07:31:12Z",
        "tokenAmount": 174.338665,
        "tokenSymbol": "ASTRO",
        "txhash": "35587BDFF1742CABC94ABE64A78AB632C626B8B2D75A932605B20BC7D8DAD0F4",
        "type": "SELL",
        "value": 1173.229971,
        "wallet": "terra1nynrxdccq0r9ghrz0sq7tjkkh8wug0ggg4lkzsags8r9dyhf7ypqx5gsr8"
      },
      {
        "amount": 174.338665,
        "baseAmount": 500.0,
        "baseSymbol": "CWLUNC",
        "executionType": "direct",
        "pairId": "astro-cwlunc",
        "price": 2.8679811216863453,
        "sourceContract": "terra1udqrxagr6tu0snr89hcyntj3zm0tjra3pslalsvyq6aczmr7aqtsfyyv48",
        "sourcePairId": "astro-cwlunc",
        "sourceType": "primary",
        "timestamp": "2026-05-21T07:30:53Z",
        "tokenAmount": 174.338665,
        "tokenSymbol": "ASTRO",
        "txhash": "371571347F809088EB27E8564C2423C49FCAA4A0459DDB9E7B479A962C74191B",
        "type": "BUY",
        "value": 500.0,
        "wallet": "terra1nynrxdccq0r9ghrz0sq7tjkkh8wug0ggg4lkzsags8r9dyhf7ypqx5gsr8"
      },
      {
        "amount": 174.338665,
        "baseAmount": 1173.229971,
        "baseSymbol": "CWLUNC",
        "executionType": "direct",
        "pairId": "astro-cwlunc",
        "price": 6.729602816449237,
        "sourceContract": "terra1udqrxagr6tu0snr89hcyntj3zm0tjra3pslalsvyq6aczmr7aqtsfyyv48",
        "sourcePairId": "astro-cwlunc",
        "sourceType": "primary",
        "timestamp": "2026-05-21T07:07:55Z",
        "tokenAmount": 174.338665,
        "tokenSymbol": "ASTRO",
        "txhash": "7810DA00818593ADD31C87F128321F3C39959BB28C36250E29FA0F198D0BF58F",
        "type": "SELL",
        "value": 1173.229971,
        "wallet": "terra1nynrxdccq0r9ghrz0sq7tjkkh8wug0ggg4lkzsags8r9dyhf7ypqx5gsr8"
      },
      {
        "amount": 174.338665,
        "baseAmount": 500.0,
        "baseSymbol": "CWLUNC",
        "executionType": "direct",
        "pairId": "astro-cwlunc",
        "price": 2.8679811216863453,
        "sourceContract": "terra1udqrxagr6tu0snr89hcyntj3zm0tjra3pslalsvyq6aczmr7aqtsfyyv48",
        "sourcePairId": "astro-cwlunc",
        "sourceType": "primary",
        "timestamp": "2026-05-21T07:07:20Z",
        "tokenAmount": 174.338665,
        "tokenSymbol": "ASTRO",
        "txhash": "CF1FE90EA9269CA525107711EC48594E762234F5F297F7963A880EE1A61C69D5",
        "type": "BUY",
        "value": 500.0,
        "wallet": "terra1nynrxdccq0r9ghrz0sq7tjkkh8wug0ggg4lkzsags8r9dyhf7ypqx5gsr8"
      },
      {
        "amount": 174.338665,
        "baseAmount": 1173.229971,
        "baseSymbol": "CWLUNC",
        "executionType": "direct",
        "pairId": "astro-cwlunc",
        "price": 6.729602816449237,
        "sourceContract": "terra1udqrxagr6tu0snr89hcyntj3zm0tjra3pslalsvyq6aczmr7aqtsfyyv48",
        "sourcePairId": "astro-cwlunc",
        "sourceType": "primary",
        "timestamp": "2026-05-21T07:00:53Z",
        "tokenAmount": 174.338665,
        "tokenSymbol": "ASTRO",
        "txhash": "994145AA2505DABCBD6D287FC754616D839EE7E539C3D1EBB973B9F399961B0A",
        "type": "SELL",
        "value": 1173.229971,
        "wallet": "terra1nynrxdccq0r9ghrz0sq7tjkkh8wug0ggg4lkzsags8r9dyhf7ypqx5gsr8"
      },
      {
        "amount": 174.338665,
        "baseAmount": 500.0,
        "baseSymbol": "CWLUNC",
        "executionType": "direct",
        "pairId": "astro-cwlunc",
        "price": 2.8679811216863453,
        "sourceContract": "terra1udqrxagr6tu0snr89hcyntj3zm0tjra3pslalsvyq6aczmr7aqtsfyyv48",
        "sourcePairId": "astro-cwlunc",
        "sourceType": "primary",
        "timestamp": "2026-05-21T07:00:30Z",
        "tokenAmount": 174.338665,
        "tokenSymbol": "ASTRO",
        "txhash": "75F1DD6514D2929CAB2EB75C6DBA51ADA386CF1426A988C31CFA8892300F3FC3",
        "type": "BUY",
        "value": 500.0,
        "wallet": "terra1nynrxdccq0r9ghrz0sq7tjkkh8wug0ggg4lkzsags8r9dyhf7ypqx5gsr8"
      },
      {
        "amount": 174.338665,
        "baseAmount": 1173.229971,
        "baseSymbol": "CWLUNC",
        "executionType": "direct",
        "pairId": "astro-cwlunc",
        "price": 6.729602816449237,
        "sourceContract": "terra1udqrxagr6tu0snr89hcyntj3zm0tjra3pslalsvyq6aczmr7aqtsfyyv48",
        "sourcePairId": "astro-cwlunc",
        "sourceType": "primary",
        "timestamp": "2026-05-21T06:51:55Z",
        "tokenAmount": 174.338665,
        "tokenSymbol": "ASTRO",
        "txhash": "829343A872BEDEC9BF44CC5F1B52946BEEA8E7A9B5D36C7068AB87FD37E1066D",
        "type": "SELL",
        "value": 1173.229971,
        "wallet": "terra1nynrxdccq0r9ghrz0sq7tjkkh8wug0ggg4lkzsags8r9dyhf7ypqx5gsr8"
      },
      {
        "amount": 174.338665,
        "baseAmount": 500.0,
        "baseSymbol": "CWLUNC",
        "executionType": "direct",
        "pairId": "astro-cwlunc",
        "price": 2.8679811216863453,
        "sourceContract": "terra1udqrxagr6tu0snr89hcyntj3zm0tjra3pslalsvyq6aczmr7aqtsfyyv48",
        "sourcePairId": "astro-cwlunc",
        "sourceType": "primary",
        "timestamp": "2026-05-21T06:51:31Z",
        "tokenAmount": 174.338665,
        "tokenSymbol": "ASTRO",
        "txhash": "728E3C042D3269EEE0144C08FCEAEE52B0CE1ABA174BAB180B5BA3B6B5FC72D5",
        "type": "BUY",
        "value": 500.0,
        "wallet": "terra1nynrxdccq0r9ghrz0sq7tjkkh8wug0ggg4lkzsags8r9dyhf7ypqx5gsr8"
      },
      {
        "amount": 174.338665,
        "baseAmount": 1173.229971,
        "baseSymbol": "CWLUNC",
        "executionType": "direct",
        "pairId": "astro-cwlunc",
        "price": 6.729602816449237,
        "sourceContract": "terra1udqrxagr6tu0snr89hcyntj3zm0tjra3pslalsvyq6aczmr7aqtsfyyv48",
        "sourcePairId": "astro-cwlunc",
        "sourceType": "primary",
        "timestamp": "2026-05-21T06:50:45Z",
        "tokenAmount": 174.338665,
        "tokenSymbol": "ASTRO",
        "txhash": "F4BD2065B9F248F74B2D2FC480255076F02CD4302E73206E37A5AA4F30E96DF6",
        "type": "SELL",
        "value": 1173.229971,
        "wallet": "terra1nynrxdccq0r9ghrz0sq7tjkkh8wug0ggg4lkzsags8r9dyhf7ypqx5gsr8"
      },
      {
        "amount": 174.338665,
        "baseAmount": 500.0,
        "baseSymbol": "CWLUNC",
        "executionType": "direct",
        "pairId": "astro-cwlunc",
        "price": 2.8679811216863453,
        "sourceContract": "terra1udqrxagr6tu0snr89hcyntj3zm0tjra3pslalsvyq6aczmr7aqtsfyyv48",
        "sourcePairId": "astro-cwlunc",
        "sourceType": "primary",
        "timestamp": "2026-05-21T06:50:22Z",
        "tokenAmount": 174.338665,
        "tokenSymbol": "ASTRO",
        "txhash": "011BA6A80087C2CE648B7CD48769AEBED19E25893842DE15B6C0C06FD8B9FA13",
        "type": "BUY",
        "value": 500.0,
        "wallet": "terra1nynrxdccq0r9ghrz0sq7tjkkh8wug0ggg4lkzsags8r9dyhf7ypqx5gsr8"
      },
      {
        "amount": 174.338665,
        "baseAmount": 1173.229971,
        "baseSymbol": "CWLUNC",
        "executionType": "direct",
        "pairId": "astro-cwlunc",
        "price": 6.729602816449237,
        "sourceContract": "terra1udqrxagr6tu0snr89hcyntj3zm0tjra3pslalsvyq6aczmr7aqtsfyyv48",
        "sourcePairId": "astro-cwlunc",
        "sourceType": "primary",
        "timestamp": "2026-05-21T06:06:50Z",
        "tokenAmount": 174.338665,
        "tokenSymbol": "ASTRO",
        "txhash": "6E20163F9E49DD93D2CE98F75E70A486848B9BEEE1596D31B54A5F1B9245A847",
        "type": "SELL",
        "value": 1173.229971,
        "wallet": "terra1nynrxdccq0r9ghrz0sq7tjkkh8wug0ggg4lkzsags8r9dyhf7ypqx5gsr8"
      },
      {
        "amount": 174.338665,
        "baseAmount": 500.0,
        "baseSymbol": "CWLUNC",
        "executionType": "direct",
        "pairId": "astro-cwlunc",
        "price": 2.8679811216863453,
        "sourceContract": "terra1udqrxagr6tu0snr89hcyntj3zm0tjra3pslalsvyq6aczmr7aqtsfyyv48",
        "sourcePairId": "astro-cwlunc",
        "sourceType": "primary",
        "timestamp": "2026-05-21T06:06:26Z",
        "tokenAmount": 174.338665,
        "tokenSymbol": "ASTRO",
        "txhash": "6C05F21E1FDABB7EF6A147EB1107E9295AB0EF11579970669D611D011E874282",
        "type": "BUY",
        "value": 500.0,
        "wallet": "terra1nynrxdccq0r9ghrz0sq7tjkkh8wug0ggg4lkzsags8r9dyhf7ypqx5gsr8"
      },
      {
        "amount": 174.338665,
        "baseAmount": 1173.229971,
        "baseSymbol": "CWLUNC",
        "executionType": "direct",
        "pairId": "astro-cwlunc",
        "price": 6.729602816449237,
        "sourceContract": "terra1udqrxagr6tu0snr89hcyntj3zm0tjra3pslalsvyq6aczmr7aqtsfyyv48",
        "sourcePairId": "astro-cwlunc",
        "sourceType": "primary",
        "timestamp": "2026-05-21T06:05:04Z",
        "tokenAmount": 174.338665,
        "tokenSymbol": "ASTRO",
        "txhash": "56D846EE80CD78C8F2862D2A4FC12B2D0677C33E4B39436D4359D2C02F84368F",
        "type": "SELL",
        "value": 1173.229971,
        "wallet": "terra1nynrxdccq0r9ghrz0sq7tjkkh8wug0ggg4lkzsags8r9dyhf7ypqx5gsr8"
      },
      {
        "amount": 174.338665,
        "baseAmount": 500.0,
        "baseSymbol": "CWLUNC",
        "executionType": "direct",
        "pairId": "astro-cwlunc",
        "price": 2.8679811216863453,
        "sourceContract": "terra1udqrxagr6tu0snr89hcyntj3zm0tjra3pslalsvyq6aczmr7aqtsfyyv48",
        "sourcePairId": "astro-cwlunc",
        "sourceType": "primary",
        "timestamp": "2026-05-21T06:04:40Z",
        "tokenAmount": 174.338665,
        "tokenSymbol": "ASTRO",
        "txhash": "2C7413D991C3A4B99E45638A8FB2286CE83BD308DCED4F1DBDE3A4161410D9A0",
        "type": "BUY",
        "value": 500.0,
        "wallet": "terra1nynrxdccq0r9ghrz0sq7tjkkh8wug0ggg4lkzsags8r9dyhf7ypqx5gsr8"
      },
      {
        "amount": 174.338665,
        "baseAmount": 1173.229971,
        "baseSymbol": "CWLUNC",
        "executionType": "direct",
        "pairId": "astro-cwlunc",
        "price": 6.729602816449237,
        "sourceContract": "terra1udqrxagr6tu0snr89hcyntj3zm0tjra3pslalsvyq6aczmr7aqtsfyyv48",
        "sourcePairId": "astro-cwlunc",
        "sourceType": "primary",
        "timestamp": "2026-05-21T05:42:31Z",
        "tokenAmount": 174.338665,
        "tokenSymbol": "ASTRO",
        "txhash": "D7468EC9F576BB0436F6D01FBB0CDEF0C370B11077C8CA581EAB77EE83C8CEC5",
        "type": "SELL",
        "value": 1173.229971,
        "wallet": "terra1nynrxdccq0r9ghrz0sq7tjkkh8wug0ggg4lkzsags8r9dyhf7ypqx5gsr8"
      },
      {
        "amount": 174.338665,
        "baseAmount": 500.0,
        "baseSymbol": "CWLUNC",
        "executionType": "direct",
        "pairId": "astro-cwlunc",
        "price": 2.8679811216863453,
        "sourceContract": "terra1udqrxagr6tu0snr89hcyntj3zm0tjra3pslalsvyq6aczmr7aqtsfyyv48",
        "sourcePairId": "astro-cwlunc",
        "sourceType": "primary",
        "timestamp": "2026-05-21T05:42:07Z",
        "tokenAmount": 174.338665,
        "tokenSymbol": "ASTRO",
        "txhash": "D172908904A3982440087C74B47B00AAB83EF66927EFF5BC8526AAD2C2E4AFD1",
        "type": "BUY",
        "value": 500.0,
        "wallet": "terra1nynrxdccq0r9ghrz0sq7tjkkh8wug0ggg4lkzsags8r9dyhf7ypqx5gsr8"
      },
      {
        "amount": 174.338665,
        "baseAmount": 1173.229971,
        "baseSymbol": "CWLUNC",
        "executionType": "direct",
        "pairId": "astro-cwlunc",
        "price": 6.729602816449237,
        "sourceContract": "terra1udqrxagr6tu0snr89hcyntj3zm0tjra3pslalsvyq6aczmr7aqtsfyyv48",
        "sourcePairId": "astro-cwlunc",
        "sourceType": "primary",
        "timestamp": "2026-05-21T05:41:33Z",
        "tokenAmount": 174.338665,
        "tokenSymbol": "ASTRO",
        "txhash": "AB55ED9014FC2E05D793E4AFFFD1D7C14E1201F7E9F5BD601A6443DF4A1E7237",
        "type": "SELL",
        "value": 1173.229971,
        "wallet": "terra1nynrxdccq0r9ghrz0sq7tjkkh8wug0ggg4lkzsags8r9dyhf7ypqx5gsr8"
      }
    ],
    "astro-cwustc": [
      {
        "amount": 15.0,
        "baseAmount": 158.615229,
        "baseSymbol": "CWUSTC",
        "executionType": "routed",
        "pairId": "astro-cwustc",
        "price": 10.5743486,
        "sourceContract": "terra1nynrxdccq0r9ghrz0sq7tjkkh8wug0ggg4lkzsags8r9dyhf7ypqx5gsr8",
        "sourcePairId": "astro-cwustc",
        "sourceType": "routed",
        "timestamp": "2026-04-13T19:56:36Z",
        "tokenAmount": 15.0,
        "tokenSymbol": "ASTRO",
        "txhash": "9B15978F01A8088EFF0D62DEE8AD8E611BDE4E0D9FF0900DB57DFDF0D369BEB6",
        "type": "SWAP",
        "value": 158.615229,
        "wallet": ""
      }
    ],
    "astro-lunc": [
      {
        "amount": 172.701614,
        "baseAmount": 1176.409453,
        "baseSymbol": "LUNC",
        "executionType": "routed",
        "pairId": "astro-lunc",
        "price": 6.811803466990181,
        "sourceContract": "terra1nynrxdccq0r9ghrz0sq7tjkkh8wug0ggg4lkzsags8r9dyhf7ypqx5gsr8",
        "sourcePairId": "astro-lunc",
        "sourceType": "routed",
        "timestamp": "2026-05-21T11:06:15Z",
        "tokenAmount": 172.701614,
        "tokenSymbol": "ASTRO",
        "txhash": "CC728FADA4F5B2F90ADE94BE72B6E81457D05C37B130EC7A1FC0116CFAC768E9",
        "type": "SWAP",
        "value": 1176.409453,
        "wallet": ""
      },
      {
        "amount": 500.0,
        "baseAmount": 172.701614,
        "baseSymbol": "LUNC",
        "executionType": "routed",
        "pairId": "astro-lunc",
        "price": 0.345403228,
        "sourceContract": "terra1nynrxdccq0r9ghrz0sq7tjkkh8wug0ggg4lkzsags8r9dyhf7ypqx5gsr8",
        "sourcePairId": "astro-lunc",
        "sourceType": "routed",
        "timestamp": "2026-05-21T11:05:46Z",
        "tokenAmount": 500.0,
        "tokenSymbol": "ASTRO",
        "txhash": "10426D67AFB2E776FBCD3530723E4756538DF423CF892B40EE1C56C35EF57DED",
        "type": "SWAP",
        "value": 172.701614,
        "wallet": ""
      },
      {
        "amount": 172.701614,
        "baseAmount": 1176.409453,
        "baseSymbol": "LUNC",
        "executionType": "routed",
        "pairId": "astro-lunc",
        "price": 6.811803466990181,
        "sourceContract": "terra1nynrxdccq0r9ghrz0sq7tjkkh8wug0ggg4lkzsags8r9dyhf7ypqx5gsr8",
        "sourcePairId": "astro-lunc",
        "sourceType": "routed",
        "timestamp": "2026-05-21T11:02:49Z",
        "tokenAmount": 172.701614,
        "tokenSymbol": "ASTRO",
        "txhash": "91214F8CE6B4F6D6A689A97BA1BDAC63BC940D8AD6F5E9E16051AD5D1B1215E3",
        "type": "SWAP",
        "value": 1176.409453,
        "wallet": ""
      },
      {
        "amount": 500.0,
        "baseAmount": 172.701614,
        "baseSymbol": "LUNC",
        "executionType": "routed",
        "pairId": "astro-lunc",
        "price": 0.345403228,
        "sourceContract": "terra1nynrxdccq0r9ghrz0sq7tjkkh8wug0ggg4lkzsags8r9dyhf7ypqx5gsr8",
        "sourcePairId": "astro-lunc",
        "sourceType": "routed",
        "timestamp": "2026-05-21T11:02:25Z",
        "tokenAmount": 500.0,
        "tokenSymbol": "ASTRO",
        "txhash": "774CE0C3C89A3DC3DC91A0DEC1DC931DB6BABDE40E44475ABE8572C42BB2B67B",
        "type": "SWAP",
        "value": 172.701614,
        "wallet": ""
      },
      {
        "amount": 172.701614,
        "baseAmount": 1176.409453,
        "baseSymbol": "LUNC",
        "executionType": "routed",
        "pairId": "astro-lunc",
        "price": 6.811803466990181,
        "sourceContract": "terra1nynrxdccq0r9ghrz0sq7tjkkh8wug0ggg4lkzsags8r9dyhf7ypqx5gsr8",
        "sourcePairId": "astro-lunc",
        "sourceType": "routed",
        "timestamp": "2026-05-21T10:54:18Z",
        "tokenAmount": 172.701614,
        "tokenSymbol": "ASTRO",
        "txhash": "8BC8F214C29E217BF2EBE5382831CD055D2570554D192C127CE3F0B2356FF554",
        "type": "SWAP",
        "value": 1176.409453,
        "wallet": ""
      },
      {
        "amount": 500.0,
        "baseAmount": 172.701614,
        "baseSymbol": "LUNC",
        "executionType": "routed",
        "pairId": "astro-lunc",
        "price": 0.345403228,
        "sourceContract": "terra1nynrxdccq0r9ghrz0sq7tjkkh8wug0ggg4lkzsags8r9dyhf7ypqx5gsr8",
        "sourcePairId": "astro-lunc",
        "sourceType": "routed",
        "timestamp": "2026-05-21T10:53:48Z",
        "tokenAmount": 500.0,
        "tokenSymbol": "ASTRO",
        "txhash": "A58DA526547167BE42F7926A57DE5DDED9E7633C3A8AC263D3CA324A58C271BF",
        "type": "SWAP",
        "value": 172.701614,
        "wallet": ""
      },
      {
        "amount": 172.701614,
        "baseAmount": 1176.409453,
        "baseSymbol": "LUNC",
        "executionType": "routed",
        "pairId": "astro-lunc",
        "price": 6.811803466990181,
        "sourceContract": "terra1nynrxdccq0r9ghrz0sq7tjkkh8wug0ggg4lkzsags8r9dyhf7ypqx5gsr8",
        "sourcePairId": "astro-lunc",
        "sourceType": "routed",
        "timestamp": "2026-05-21T10:30:08Z",
        "tokenAmount": 172.701614,
        "tokenSymbol": "ASTRO",
        "txhash": "9915047EAFA9E4E274943679A22C2A361AA7EE8F9A92873A897E5BF001C2F5A7",
        "type": "SWAP",
        "value": 1176.409453,
        "wallet": ""
      },
      {
        "amount": 500.0,
        "baseAmount": 172.701614,
        "baseSymbol": "LUNC",
        "executionType": "routed",
        "pairId": "astro-lunc",
        "price": 0.345403228,
        "sourceContract": "terra1nynrxdccq0r9ghrz0sq7tjkkh8wug0ggg4lkzsags8r9dyhf7ypqx5gsr8",
        "sourcePairId": "astro-lunc",
        "sourceType": "routed",
        "timestamp": "2026-05-21T10:29:44Z",
        "tokenAmount": 500.0,
        "tokenSymbol": "ASTRO",
        "txhash": "4F1A4A6E7E7B09AAFB32ED74FCC582BFC96F84203F23313CDD4F5979EC35B005",
        "type": "SWAP",
        "value": 172.701614,
        "wallet": ""
      },
      {
        "amount": 172.701614,
        "baseAmount": 1176.409453,
        "baseSymbol": "LUNC",
        "executionType": "routed",
        "pairId": "astro-lunc",
        "price": 6.811803466990181,
        "sourceContract": "terra1nynrxdccq0r9ghrz0sq7tjkkh8wug0ggg4lkzsags8r9dyhf7ypqx5gsr8",
        "sourcePairId": "astro-lunc",
        "sourceType": "routed",
        "timestamp": "2026-05-21T10:26:36Z",
        "tokenAmount": 172.701614,
        "tokenSymbol": "ASTRO",
        "txhash": "14F044424F4A083E406B8ACBD0BD2D009116478D1EE58AFCB55A52E424462E7F",
        "type": "SWAP",
        "value": 1176.409453,
        "wallet": ""
      },
      {
        "amount": 500.0,
        "baseAmount": 172.701614,
        "baseSymbol": "LUNC",
        "executionType": "routed",
        "pairId": "astro-lunc",
        "price": 0.345403228,
        "sourceContract": "terra1nynrxdccq0r9ghrz0sq7tjkkh8wug0ggg4lkzsags8r9dyhf7ypqx5gsr8",
        "sourcePairId": "astro-lunc",
        "sourceType": "routed",
        "timestamp": "2026-05-21T10:26:07Z",
        "tokenAmount": 500.0,
        "tokenSymbol": "ASTRO",
        "txhash": "665C61392DEA2B195916883BED0783020B4FE59ABCAB7029638A654BDAD99D1F",
        "type": "SWAP",
        "value": 172.701614,
        "wallet": ""
      },
      {
        "amount": 172.701614,
        "baseAmount": 1176.409453,
        "baseSymbol": "LUNC",
        "executionType": "routed",
        "pairId": "astro-lunc",
        "price": 6.811803466990181,
        "sourceContract": "terra1nynrxdccq0r9ghrz0sq7tjkkh8wug0ggg4lkzsags8r9dyhf7ypqx5gsr8",
        "sourcePairId": "astro-lunc",
        "sourceType": "routed",
        "timestamp": "2026-05-21T10:12:55Z",
        "tokenAmount": 172.701614,
        "tokenSymbol": "ASTRO",
        "txhash": "318D644B09094091C525E4606642AB797D25AAEBDFBC33B344BBB1E682168CD2",
        "type": "SWAP",
        "value": 1176.409453,
        "wallet": ""
      },
      {
        "amount": 500.0,
        "baseAmount": 172.701614,
        "baseSymbol": "LUNC",
        "executionType": "routed",
        "pairId": "astro-lunc",
        "price": 0.345403228,
        "sourceContract": "terra1nynrxdccq0r9ghrz0sq7tjkkh8wug0ggg4lkzsags8r9dyhf7ypqx5gsr8",
        "sourcePairId": "astro-lunc",
        "sourceType": "routed",
        "timestamp": "2026-05-21T10:12:37Z",
        "tokenAmount": 500.0,
        "tokenSymbol": "ASTRO",
        "txhash": "3EEFAC37782EB64681A327B50D80E076F264D8CDDA32A869DA5C31C4DC30F907",
        "type": "SWAP",
        "value": 172.701614,
        "wallet": ""
      },
      {
        "amount": 172.701614,
        "baseAmount": 1176.409453,
        "baseSymbol": "LUNC",
        "executionType": "routed",
        "pairId": "astro-lunc",
        "price": 6.811803466990181,
        "sourceContract": "terra1nynrxdccq0r9ghrz0sq7tjkkh8wug0ggg4lkzsags8r9dyhf7ypqx5gsr8",
        "sourcePairId": "astro-lunc",
        "sourceType": "routed",
        "timestamp": "2026-05-21T10:06:50Z",
        "tokenAmount": 172.701614,
        "tokenSymbol": "ASTRO",
        "txhash": "EA129A3F4B00099D4CA8019D3F9E24B8C1AD783F7D0B1488DA7D0232002A1B06",
        "type": "SWAP",
        "value": 1176.409453,
        "wallet": ""
      },
      {
        "amount": 500.0,
        "baseAmount": 172.701614,
        "baseSymbol": "LUNC",
        "executionType": "routed",
        "pairId": "astro-lunc",
        "price": 0.345403228,
        "sourceContract": "terra1nynrxdccq0r9ghrz0sq7tjkkh8wug0ggg4lkzsags8r9dyhf7ypqx5gsr8",
        "sourcePairId": "astro-lunc",
        "sourceType": "routed",
        "timestamp": "2026-05-21T10:06:32Z",
        "tokenAmount": 500.0,
        "tokenSymbol": "ASTRO",
        "txhash": "F332F1B8649E0020E0E5F16B21100BAEBFF2D060D50C25D3185470694FD874D1",
        "type": "SWAP",
        "value": 172.701614,
        "wallet": ""
      },
      {
        "amount": 172.701614,
        "baseAmount": 1176.409453,
        "baseSymbol": "LUNC",
        "executionType": "routed",
        "pairId": "astro-lunc",
        "price": 6.811803466990181,
        "sourceContract": "terra1nynrxdccq0r9ghrz0sq7tjkkh8wug0ggg4lkzsags8r9dyhf7ypqx5gsr8",
        "sourcePairId": "astro-lunc",
        "sourceType": "routed",
        "timestamp": "2026-05-21T09:47:07Z",
        "tokenAmount": 172.701614,
        "tokenSymbol": "ASTRO",
        "txhash": "5C28D76A583CC49CE8E3E17F61A9433A01BF9ECB35A98DE75F6CA60C2A237772",
        "type": "SWAP",
        "value": 1176.409453,
        "wallet": ""
      },
      {
        "amount": 500.0,
        "baseAmount": 172.701614,
        "baseSymbol": "LUNC",
        "executionType": "routed",
        "pairId": "astro-lunc",
        "price": 0.345403228,
        "sourceContract": "terra1nynrxdccq0r9ghrz0sq7tjkkh8wug0ggg4lkzsags8r9dyhf7ypqx5gsr8",
        "sourcePairId": "astro-lunc",
        "sourceType": "routed",
        "timestamp": "2026-05-21T09:46:31Z",
        "tokenAmount": 500.0,
        "tokenSymbol": "ASTRO",
        "txhash": "A57DBE7660B3B621AA427DBECE14C146FFACD52DB86C0C7CA09001100DF9D87F",
        "type": "SWAP",
        "value": 172.701614,
        "wallet": ""
      },
      {
        "amount": 172.701614,
        "baseAmount": 1176.409453,
        "baseSymbol": "LUNC",
        "executionType": "routed",
        "pairId": "astro-lunc",
        "price": 6.811803466990181,
        "sourceContract": "terra1nynrxdccq0r9ghrz0sq7tjkkh8wug0ggg4lkzsags8r9dyhf7ypqx5gsr8",
        "sourcePairId": "astro-lunc",
        "sourceType": "routed",
        "timestamp": "2026-05-21T09:45:39Z",
        "tokenAmount": 172.701614,
        "tokenSymbol": "ASTRO",
        "txhash": "8547007C4B4BAD0846641D54BC33080B28EA5E7F38E7B38F67622330F276CA95",
        "type": "SWAP",
        "value": 1176.409453,
        "wallet": ""
      },
      {
        "amount": 500.0,
        "baseAmount": 172.701614,
        "baseSymbol": "LUNC",
        "executionType": "routed",
        "pairId": "astro-lunc",
        "price": 0.345403228,
        "sourceContract": "terra1nynrxdccq0r9ghrz0sq7tjkkh8wug0ggg4lkzsags8r9dyhf7ypqx5gsr8",
        "sourcePairId": "astro-lunc",
        "sourceType": "routed",
        "timestamp": "2026-05-21T09:44:57Z",
        "tokenAmount": 500.0,
        "tokenSymbol": "ASTRO",
        "txhash": "EB6D6F8DA3FECCB83614AD31B70E5AC33DF2D79E7893743F5299FB4DC2BAD2B3",
        "type": "SWAP",
        "value": 172.701614,
        "wallet": ""
      },
      {
        "amount": 174.338665,
        "baseAmount": 1187.455903,
        "baseSymbol": "LUNC",
        "executionType": "routed",
        "pairId": "astro-lunc",
        "price": 6.811202225278024,
        "sourceContract": "terra1nynrxdccq0r9ghrz0sq7tjkkh8wug0ggg4lkzsags8r9dyhf7ypqx5gsr8",
        "sourcePairId": "astro-lunc",
        "sourceType": "routed",
        "timestamp": "2026-05-21T09:41:50Z",
        "tokenAmount": 174.338665,
        "tokenSymbol": "ASTRO",
        "txhash": "DD074767FF685BA503A5A66AC71D274B17CFFAD09D33BC0AE6FED6FCCD315995",
        "type": "SWAP",
        "value": 1187.455903,
        "wallet": ""
      },
      {
        "amount": 500.0,
        "baseAmount": 174.338665,
        "baseSymbol": "LUNC",
        "executionType": "routed",
        "pairId": "astro-lunc",
        "price": 0.34867733,
        "sourceContract": "terra1nynrxdccq0r9ghrz0sq7tjkkh8wug0ggg4lkzsags8r9dyhf7ypqx5gsr8",
        "sourcePairId": "astro-lunc",
        "sourceType": "routed",
        "timestamp": "2026-05-21T09:40:45Z",
        "tokenAmount": 500.0,
        "tokenSymbol": "ASTRO",
        "txhash": "A2C6CEAAB686DEA724E9782D88139B843A86A59E057FF8C669F4D68B1EFFAB35",
        "type": "SWAP",
        "value": 174.338665,
        "wallet": ""
      },
      {
        "amount": 174.338665,
        "baseAmount": 1161.527002,
        "baseSymbol": "LUNC",
        "executionType": "routed",
        "pairId": "astro-lunc",
        "price": 6.662475028129877,
        "sourceContract": "terra1nynrxdccq0r9ghrz0sq7tjkkh8wug0ggg4lkzsags8r9dyhf7ypqx5gsr8",
        "sourcePairId": "astro-lunc",
        "sourceType": "routed",
        "timestamp": "2026-05-21T09:32:22Z",
        "tokenAmount": 174.338665,
        "tokenSymbol": "ASTRO",
        "txhash": "4081E3FE2EB1ACA2BC06598E936758AB1CE75393CC0A74EE4101B9888C9F04E2",
        "type": "SWAP",
        "value": 1161.527002,
        "wallet": ""
      },
      {
        "amount": 500.0,
        "baseAmount": 174.338665,
        "baseSymbol": "LUNC",
        "executionType": "routed",
        "pairId": "astro-lunc",
        "price": 0.34867733,
        "sourceContract": "terra1nynrxdccq0r9ghrz0sq7tjkkh8wug0ggg4lkzsags8r9dyhf7ypqx5gsr8",
        "sourcePairId": "astro-lunc",
        "sourceType": "routed",
        "timestamp": "2026-05-21T09:31:46Z",
        "tokenAmount": 500.0,
        "tokenSymbol": "ASTRO",
        "txhash": "13BFFB96269F3E554C6D35859BDC4A6FA824F5A58187354B3724F6FC93F83F8D",
        "type": "SWAP",
        "value": 174.338665,
        "wallet": ""
      },
      {
        "amount": 174.338665,
        "baseAmount": 1161.527002,
        "baseSymbol": "LUNC",
        "executionType": "routed",
        "pairId": "astro-lunc",
        "price": 6.662475028129877,
        "sourceContract": "terra1nynrxdccq0r9ghrz0sq7tjkkh8wug0ggg4lkzsags8r9dyhf7ypqx5gsr8",
        "sourcePairId": "astro-lunc",
        "sourceType": "routed",
        "timestamp": "2026-05-21T09:29:55Z",
        "tokenAmount": 174.338665,
        "tokenSymbol": "ASTRO",
        "txhash": "99DEED190F24E2BFBCDF3F24E0F08BCA410894199BC3442416A9CED2D4BA7506",
        "type": "SWAP",
        "value": 1161.527002,
        "wallet": ""
      },
      {
        "amount": 500.0,
        "baseAmount": 174.338665,
        "baseSymbol": "LUNC",
        "executionType": "routed",
        "pairId": "astro-lunc",
        "price": 0.34867733,
        "sourceContract": "terra1nynrxdccq0r9ghrz0sq7tjkkh8wug0ggg4lkzsags8r9dyhf7ypqx5gsr8",
        "sourcePairId": "astro-lunc",
        "sourceType": "routed",
        "timestamp": "2026-05-21T09:29:31Z",
        "tokenAmount": 500.0,
        "tokenSymbol": "ASTRO",
        "txhash": "9E86E3DD6EC80A22B20725DC8589B6E8B36D9E939B873FC998F7BAFE362956E8",
        "type": "SWAP",
        "value": 174.338665,
        "wallet": ""
      },
      {
        "amount": 174.338665,
        "baseAmount": 1161.527002,
        "baseSymbol": "LUNC",
        "executionType": "routed",
        "pairId": "astro-lunc",
        "price": 6.662475028129877,
        "sourceContract": "terra1nynrxdccq0r9ghrz0sq7tjkkh8wug0ggg4lkzsags8r9dyhf7ypqx5gsr8",
        "sourcePairId": "astro-lunc",
        "sourceType": "routed",
        "timestamp": "2026-05-21T09:22:41Z",
        "tokenAmount": 174.338665,
        "tokenSymbol": "ASTRO",
        "txhash": "2CC749B6DCBB2F338FBF0D32C7D196283D6698E5A1597FBB3DDFA7F0E019AF8D",
        "type": "SWAP",
        "value": 1161.527002,
        "wallet": ""
      },
      {
        "amount": 500.0,
        "baseAmount": 174.338665,
        "baseSymbol": "LUNC",
        "executionType": "routed",
        "pairId": "astro-lunc",
        "price": 0.34867733,
        "sourceContract": "terra1nynrxdccq0r9ghrz0sq7tjkkh8wug0ggg4lkzsags8r9dyhf7ypqx5gsr8",
        "sourcePairId": "astro-lunc",
        "sourceType": "routed",
        "timestamp": "2026-05-21T09:22:18Z",
        "tokenAmount": 500.0,
        "tokenSymbol": "ASTRO",
        "txhash": "31198B2F7F1ABCB2E8CDD9A77E06E229C94C71F1957AAC88AC44312968F6547E",
        "type": "SWAP",
        "value": 174.338665,
        "wallet": ""
      },
      {
        "amount": 174.338665,
        "baseAmount": 1161.527002,
        "baseSymbol": "LUNC",
        "executionType": "routed",
        "pairId": "astro-lunc",
        "price": 6.662475028129877,
        "sourceContract": "terra1nynrxdccq0r9ghrz0sq7tjkkh8wug0ggg4lkzsags8r9dyhf7ypqx5gsr8",
        "sourcePairId": "astro-lunc",
        "sourceType": "routed",
        "timestamp": "2026-05-21T09:20:50Z",
        "tokenAmount": 174.338665,
        "tokenSymbol": "ASTRO",
        "txhash": "892E04FF7C891F9F7757B105D41258984DFEC1D10A8F27022B607CA26D97928C",
        "type": "SWAP",
        "value": 1161.527002,
        "wallet": ""
      },
      {
        "amount": 500.0,
        "baseAmount": 174.338665,
        "baseSymbol": "LUNC",
        "executionType": "routed",
        "pairId": "astro-lunc",
        "price": 0.34867733,
        "sourceContract": "terra1nynrxdccq0r9ghrz0sq7tjkkh8wug0ggg4lkzsags8r9dyhf7ypqx5gsr8",
        "sourcePairId": "astro-lunc",
        "sourceType": "routed",
        "timestamp": "2026-05-21T09:20:26Z",
        "tokenAmount": 500.0,
        "tokenSymbol": "ASTRO",
        "txhash": "59DA255AB4548C717C69DD0674F6265ADE1870076C3D1ECBF3FB1DC0C420B39E",
        "type": "SWAP",
        "value": 174.338665,
        "wallet": ""
      },
      {
        "amount": 174.338665,
        "baseAmount": 1161.527002,
        "baseSymbol": "LUNC",
        "executionType": "routed",
        "pairId": "astro-lunc",
        "price": 6.662475028129877,
        "sourceContract": "terra1nynrxdccq0r9ghrz0sq7tjkkh8wug0ggg4lkzsags8r9dyhf7ypqx5gsr8",
        "sourcePairId": "astro-lunc",
        "sourceType": "routed",
        "timestamp": "2026-05-21T09:02:10Z",
        "tokenAmount": 174.338665,
        "tokenSymbol": "ASTRO",
        "txhash": "F7A76BF8E6932A72973B23AA59EDD20D71D06FF996F6FB2B477887FF5CDCFF63",
        "type": "SWAP",
        "value": 1161.527002,
        "wallet": ""
      },
      {
        "amount": 500.0,
        "baseAmount": 174.338665,
        "baseSymbol": "LUNC",
        "executionType": "routed",
        "pairId": "astro-lunc",
        "price": 0.34867733,
        "sourceContract": "terra1nynrxdccq0r9ghrz0sq7tjkkh8wug0ggg4lkzsags8r9dyhf7ypqx5gsr8",
        "sourcePairId": "astro-lunc",
        "sourceType": "routed",
        "timestamp": "2026-05-21T09:01:52Z",
        "tokenAmount": 500.0,
        "tokenSymbol": "ASTRO",
        "txhash": "B37E2223C1DF8DCC8DABB9F996532532007F585290245CE6FD27820AAF5E9304",
        "type": "SWAP",
        "value": 174.338665,
        "wallet": ""
      },
      {
        "amount": 174.338665,
        "baseAmount": 1161.527002,
        "baseSymbol": "LUNC",
        "executionType": "routed",
        "pairId": "astro-lunc",
        "price": 6.662475028129877,
        "sourceContract": "terra1nynrxdccq0r9ghrz0sq7tjkkh8wug0ggg4lkzsags8r9dyhf7ypqx5gsr8",
        "sourcePairId": "astro-lunc",
        "sourceType": "routed",
        "timestamp": "2026-05-21T08:04:38Z",
        "tokenAmount": 174.338665,
        "tokenSymbol": "ASTRO",
        "txhash": "845FA8731E7A297BCAECC2572E90154AC2F4E84ADDDBC1D9FEE461C62718781F",
        "type": "SWAP",
        "value": 1161.527002,
        "wallet": ""
      },
      {
        "amount": 500.0,
        "baseAmount": 174.338665,
        "baseSymbol": "LUNC",
        "executionType": "routed",
        "pairId": "astro-lunc",
        "price": 0.34867733,
        "sourceContract": "terra1nynrxdccq0r9ghrz0sq7tjkkh8wug0ggg4lkzsags8r9dyhf7ypqx5gsr8",
        "sourcePairId": "astro-lunc",
        "sourceType": "routed",
        "timestamp": "2026-05-21T08:04:14Z",
        "tokenAmount": 500.0,
        "tokenSymbol": "ASTRO",
        "txhash": "D31124CD825DFC9A185D5DDC24AD161911E37A51078B5D25B43E865B062DA1ED",
        "type": "SWAP",
        "value": 174.338665,
        "wallet": ""
      },
      {
        "amount": 174.338665,
        "baseAmount": 1161.527002,
        "baseSymbol": "LUNC",
        "executionType": "routed",
        "pairId": "astro-lunc",
        "price": 6.662475028129877,
        "sourceContract": "terra1nynrxdccq0r9ghrz0sq7tjkkh8wug0ggg4lkzsags8r9dyhf7ypqx5gsr8",
        "sourcePairId": "astro-lunc",
        "sourceType": "routed",
        "timestamp": "2026-05-21T07:31:12Z",
        "tokenAmount": 174.338665,
        "tokenSymbol": "ASTRO",
        "txhash": "35587BDFF1742CABC94ABE64A78AB632C626B8B2D75A932605B20BC7D8DAD0F4",
        "type": "SWAP",
        "value": 1161.527002,
        "wallet": ""
      },
      {
        "amount": 500.0,
        "baseAmount": 174.338665,
        "baseSymbol": "LUNC",
        "executionType": "routed",
        "pairId": "astro-lunc",
        "price": 0.34867733,
        "sourceContract": "terra1nynrxdccq0r9ghrz0sq7tjkkh8wug0ggg4lkzsags8r9dyhf7ypqx5gsr8",
        "sourcePairId": "astro-lunc",
        "sourceType": "routed",
        "timestamp": "2026-05-21T07:30:53Z",
        "tokenAmount": 500.0,
        "tokenSymbol": "ASTRO",
        "txhash": "371571347F809088EB27E8564C2423C49FCAA4A0459DDB9E7B479A962C74191B",
        "type": "SWAP",
        "value": 174.338665,
        "wallet": ""
      },
      {
        "amount": 174.338665,
        "baseAmount": 1161.527002,
        "baseSymbol": "LUNC",
        "executionType": "routed",
        "pairId": "astro-lunc",
        "price": 6.662475028129877,
        "sourceContract": "terra1nynrxdccq0r9ghrz0sq7tjkkh8wug0ggg4lkzsags8r9dyhf7ypqx5gsr8",
        "sourcePairId": "astro-lunc",
        "sourceType": "routed",
        "timestamp": "2026-05-21T07:07:55Z",
        "tokenAmount": 174.338665,
        "tokenSymbol": "ASTRO",
        "txhash": "7810DA00818593ADD31C87F128321F3C39959BB28C36250E29FA0F198D0BF58F",
        "type": "SWAP",
        "value": 1161.527002,
        "wallet": ""
      },
      {
        "amount": 500.0,
        "baseAmount": 174.338665,
        "baseSymbol": "LUNC",
        "executionType": "routed",
        "pairId": "astro-lunc",
        "price": 0.34867733,
        "sourceContract": "terra1nynrxdccq0r9ghrz0sq7tjkkh8wug0ggg4lkzsags8r9dyhf7ypqx5gsr8",
        "sourcePairId": "astro-lunc",
        "sourceType": "routed",
        "timestamp": "2026-05-21T07:07:20Z",
        "tokenAmount": 500.0,
        "tokenSymbol": "ASTRO",
        "txhash": "CF1FE90EA9269CA525107711EC48594E762234F5F297F7963A880EE1A61C69D5",
        "type": "SWAP",
        "value": 174.338665,
        "wallet": ""
      },
      {
        "amount": 174.338665,
        "baseAmount": 1161.527002,
        "baseSymbol": "LUNC",
        "executionType": "routed",
        "pairId": "astro-lunc",
        "price": 6.662475028129877,
        "sourceContract": "terra1nynrxdccq0r9ghrz0sq7tjkkh8wug0ggg4lkzsags8r9dyhf7ypqx5gsr8",
        "sourcePairId": "astro-lunc",
        "sourceType": "routed",
        "timestamp": "2026-05-21T07:00:53Z",
        "tokenAmount": 174.338665,
        "tokenSymbol": "ASTRO",
        "txhash": "994145AA2505DABCBD6D287FC754616D839EE7E539C3D1EBB973B9F399961B0A",
        "type": "SWAP",
        "value": 1161.527002,
        "wallet": ""
      },
      {
        "amount": 500.0,
        "baseAmount": 174.338665,
        "baseSymbol": "LUNC",
        "executionType": "routed",
        "pairId": "astro-lunc",
        "price": 0.34867733,
        "sourceContract": "terra1nynrxdccq0r9ghrz0sq7tjkkh8wug0ggg4lkzsags8r9dyhf7ypqx5gsr8",
        "sourcePairId": "astro-lunc",
        "sourceType": "routed",
        "timestamp": "2026-05-21T07:00:30Z",
        "tokenAmount": 500.0,
        "tokenSymbol": "ASTRO",
        "txhash": "75F1DD6514D2929CAB2EB75C6DBA51ADA386CF1426A988C31CFA8892300F3FC3",
        "type": "SWAP",
        "value": 174.338665,
        "wallet": ""
      },
      {
        "amount": 174.338665,
        "baseAmount": 1161.527002,
        "baseSymbol": "LUNC",
        "executionType": "routed",
        "pairId": "astro-lunc",
        "price": 6.662475028129877,
        "sourceContract": "terra1nynrxdccq0r9ghrz0sq7tjkkh8wug0ggg4lkzsags8r9dyhf7ypqx5gsr8",
        "sourcePairId": "astro-lunc",
        "sourceType": "routed",
        "timestamp": "2026-05-21T06:51:55Z",
        "tokenAmount": 174.338665,
        "tokenSymbol": "ASTRO",
        "txhash": "829343A872BEDEC9BF44CC5F1B52946BEEA8E7A9B5D36C7068AB87FD37E1066D",
        "type": "SWAP",
