{
  "pairs": {
    "amplunc-cwlunc": [
      {
        "amount": 3296.854201,
        "baseAmount": 4275.023351,
        "baseSymbol": "CWLUNC",
        "executionType": "direct",
        "pairId": "amplunc-cwlunc",
        "price": 1.296697727701547,
        "sourceContract": "terra132qwlqxffksjfg6ntzp4m5786lrlmgrufzx5c6",
        "sourcePairId": "amplunc-cwlunc-ref-2",
        "sourceType": "reference",
        "timestamp": "2026-07-12T13:34:36Z",
        "tokenAmount": 3296.854201,
        "tokenSymbol": "AMPLUNC",
        "txhash": "B2123F44948CCAD60BDE6174E7E715A5EF5CB6FFFCC87E731697E6BEEFFB6193",
        "type": "SELL",
        "value": 4275.023351,
        "wallet": "terra1zafpjz7h4x9cd8n5rf9lxz7tru352taxtl8jeu"
      },
      {
        "amount": 4909.833331,
        "baseAmount": 6373.123654,
        "baseSymbol": "CWLUNC",
        "executionType": "direct",
        "pairId": "amplunc-cwlunc",
        "price": 1.2980325857012274,
        "sourceContract": "terra132qwlqxffksjfg6ntzp4m5786lrlmgrufzx5c6",
        "sourcePairId": "amplunc-cwlunc-ref-2",
        "sourceType": "reference",
        "timestamp": "2026-07-12T13:32:42Z",
        "tokenAmount": 4909.833331,
        "tokenSymbol": "AMPLUNC",
        "txhash": "B91944B5214DEDD09B79C4FDCF0D78D350864F12C5CCAD966F6AB3AA9F837C33",
        "type": "SELL",
        "value": 6373.123654,
        "wallet": "terra1zafpjz7h4x9cd8n5rf9lxz7tru352taxtl8jeu"
      },
      {
        "amount": 11345.313275,
        "baseAmount": 14368.827054,
        "baseSymbol": "CWLUNC",
        "executionType": "direct",
        "pairId": "amplunc-cwlunc",
        "price": 1.2664989238915485,
        "sourceContract": "terra12gkp648mkgj6esr5y6dwc2q4mftnfzk2pudka8",
        "sourcePairId": "amplunc-cwlunc-ref-1",
        "sourceType": "reference",
        "timestamp": "2026-07-11T15:35:12Z",
        "tokenAmount": 11345.313275,
        "tokenSymbol": "AMPLUNC",
        "txhash": "8DB98285CE6F2A6352C215CF6CE4D43A36CDF6C8EC573D72FDF82DC11E409205",
        "type": "BUY",
        "value": 14368.827054,
        "wallet": "terra1ydeh9exz82qrzw82ycjr6n462u5ldt8m8qt4rh"
      },
      {
        "amount": 2357.856734,
        "baseAmount": 2958.566912,
        "baseSymbol": "CWLUNC",
        "executionType": "direct",
        "pairId": "amplunc-cwlunc",
        "price": 1.254769583468679,
        "sourceContract": "terra12gkp648mkgj6esr5y6dwc2q4mftnfzk2pudka8",
        "sourcePairId": "amplunc-cwlunc-ref-1",
        "sourceType": "reference",
        "timestamp": "2026-07-11T15:34:49Z",
        "tokenAmount": 2357.856734,
        "tokenSymbol": "AMPLUNC",
        "txhash": "AC428F4948BEA52CDBDB01F6D9D726D75D625664C1BE09BF2C70D3438303601F",
        "type": "SELL",
        "value": 2958.566912,
        "wallet": "terra1g3zc8lwwmkrm0cz9wkgl849pdqaw6cq8lh7872"
      },
      {
        "amount": 25058.834153,
        "baseAmount": 31759.206855,
        "baseSymbol": "CWLUNC",
        "executionType": "direct",
        "pairId": "amplunc-cwlunc",
        "price": 1.2673856517462063,
        "sourceContract": "terra12gkp648mkgj6esr5y6dwc2q4mftnfzk2pudka8",
        "sourcePairId": "amplunc-cwlunc-ref-1",
        "sourceType": "reference",
        "timestamp": "2026-07-10T08:53:58Z",
        "tokenAmount": 25058.834153,
        "tokenSymbol": "AMPLUNC",
        "txhash": "4883F33B84E9C3F4B5F57178F5C3A4B9B6FA13F3C885D3C6084A805E761658D6",
        "type": "SELL",
        "value": 31759.206855,
        "wallet": "terra1g3zc8lwwmkrm0cz9wkgl849pdqaw6cq8lh7872"
      },
      {
        "amount": 12772.905595,
        "baseAmount": 16414.246395,
        "baseSymbol": "CWLUNC",
        "executionType": "direct",
        "pairId": "amplunc-cwlunc",
        "price": 1.2850831999749073,
        "sourceContract": "terra12gkp648mkgj6esr5y6dwc2q4mftnfzk2pudka8",
        "sourcePairId": "amplunc-cwlunc-ref-1",
        "sourceType": "reference",
        "timestamp": "2026-07-10T00:58:09Z",
        "tokenAmount": 12772.905595,
        "tokenSymbol": "AMPLUNC",
        "txhash": "60A470C77F382E5FC1CD13C1D5B74A8EF53B8257B25ABAE4DD7F62D5E0BDF349",
        "type": "SELL",
        "value": 16414.246395,
        "wallet": "terra1q7a9kg5xusufjfjp3v8ghsc7urfrlj8m99hlwh"
      },
      {
        "amount": 23879.948928,
        "baseAmount": 31106.18153,
        "baseSymbol": "CWLUNC",
        "executionType": "direct",
        "pairId": "amplunc-cwlunc",
        "price": 1.3026067025431118,
        "sourceContract": "terra12gkp648mkgj6esr5y6dwc2q4mftnfzk2pudka8",
        "sourcePairId": "amplunc-cwlunc-ref-1",
        "sourceType": "reference",
        "timestamp": "2026-07-10T00:58:03Z",
        "tokenAmount": 23879.948928,
        "tokenSymbol": "AMPLUNC",
        "txhash": "E48FC5E86C3EBA93683EBA67241FF0D718D61B5FB4774D969AED4D9B42BA05BF",
        "type": "SELL",
        "value": 31106.18153,
        "wallet": "terra1q7a9kg5xusufjfjp3v8ghsc7urfrlj8m99hlwh"
      },
      {
        "amount": 77830.347474,
        "baseAmount": 100000.0,
        "baseSymbol": "CWLUNC",
        "executionType": "direct",
        "pairId": "amplunc-cwlunc",
        "price": 1.2848458634134454,
        "sourceContract": "terra12gkp648mkgj6esr5y6dwc2q4mftnfzk2pudka8",
        "sourcePairId": "amplunc-cwlunc-ref-1",
        "sourceType": "reference",
        "timestamp": "2026-07-10T00:57:57Z",
        "tokenAmount": 77830.347474,
        "tokenSymbol": "AMPLUNC",
        "txhash": "B02D8F4E2065113BFA2681F4C24B6F6354885622A8BB49AB1FA7FDBF423A86A3",
        "type": "BUY",
        "value": 100000.0,
        "wallet": "terra1g3zc8lwwmkrm0cz9wkgl849pdqaw6cq8lh7872"
      },
      {
        "amount": 10277.449177,
        "baseAmount": 12759.447724,
        "baseSymbol": "CWLUNC",
        "executionType": "direct",
        "pairId": "amplunc-cwlunc",
        "price": 1.2414994717321965,
        "sourceContract": "terra1r8k9pea8wmt93l703azhs82kpjva0cpq8tq5at",
        "sourcePairId": "amplunc-cwlunc-ref-3",
        "sourceType": "reference",
        "timestamp": "2026-07-08T20:01:51Z",
        "tokenAmount": 10277.449177,
        "tokenSymbol": "AMPLUNC",
        "txhash": "A75501EFB4E55C3FE1D34EF259E7167EEE8E0BC9959060D35F0A0AA535DACC16",
        "type": "SELL",
        "value": 12759.447724,
        "wallet": "terra1q7a9kg5xusufjfjp3v8ghsc7urfrlj8m99hlwh"
      },
      {
        "amount": 9172.576543,
        "baseAmount": 11421.288278,
        "baseSymbol": "CWLUNC",
        "executionType": "direct",
        "pairId": "amplunc-cwlunc",
        "price": 1.2451559520335747,
        "sourceContract": "terra12gkp648mkgj6esr5y6dwc2q4mftnfzk2pudka8",
        "sourcePairId": "amplunc-cwlunc-ref-1",
        "sourceType": "reference",
        "timestamp": "2026-07-08T04:08:45Z",
        "tokenAmount": 9172.576543,
        "tokenSymbol": "AMPLUNC",
        "txhash": "56071887E8F3F83A7BCFBBCF02B64AD7BAE77615E74E707DF4B6591D56FB2C4A",
        "type": "SELL",
        "value": 11421.288278,
        "wallet": "terra1q7a9kg5xusufjfjp3v8ghsc7urfrlj8m99hlwh"
      },
      {
        "amount": 8287.480406,
        "baseAmount": 10366.074958,
        "baseSymbol": "CWLUNC",
        "executionType": "direct",
        "pairId": "amplunc-cwlunc",
        "price": 1.2508113986604579,
        "sourceContract": "terra1r8k9pea8wmt93l703azhs82kpjva0cpq8tq5at",
        "sourcePairId": "amplunc-cwlunc-ref-3",
        "sourceType": "reference",
        "timestamp": "2026-07-07T17:48:56Z",
        "tokenAmount": 8287.480406,
        "tokenSymbol": "AMPLUNC",
        "txhash": "E0E7D69E2D937A27C2A7672C891639B1AE7F5A88782B7AA8E4F31E6B8C5E158B",
        "type": "BUY",
        "value": 10366.074958,
        "wallet": "terra1q7a9kg5xusufjfjp3v8ghsc7urfrlj8m99hlwh"
      },
      {
        "amount": 10599.083669,
        "baseAmount": 13270.197331,
        "baseSymbol": "CWLUNC",
        "executionType": "direct",
        "pairId": "amplunc-cwlunc",
        "price": 1.2520136405576665,
        "sourceContract": "terra12gkp648mkgj6esr5y6dwc2q4mftnfzk2pudka8",
        "sourcePairId": "amplunc-cwlunc-ref-1",
        "sourceType": "reference",
        "timestamp": "2026-07-07T17:44:17Z",
        "tokenAmount": 10599.083669,
        "tokenSymbol": "AMPLUNC",
        "txhash": "4D0CE85B8F89A9471748548B612D58F03AFDE1EE8E9922AD57A73C03C0FDF751",
        "type": "BUY",
        "value": 13270.197331,
        "wallet": "terra1q7a9kg5xusufjfjp3v8ghsc7urfrlj8m99hlwh"
      },
      {
        "amount": 9029.642255,
        "baseAmount": 11225.019985,
        "baseSymbol": "CWLUNC",
        "executionType": "direct",
        "pairId": "amplunc-cwlunc",
        "price": 1.2431300895430657,
        "sourceContract": "terra12gkp648mkgj6esr5y6dwc2q4mftnfzk2pudka8",
        "sourcePairId": "amplunc-cwlunc-ref-1",
        "sourceType": "reference",
        "timestamp": "2026-07-07T17:34:05Z",
        "tokenAmount": 9029.642255,
        "tokenSymbol": "AMPLUNC",
        "txhash": "AB0861D60390A9C11CEC63FA843AACF53122C0A90C371B5C84E4560476B9B385",
        "type": "BUY",
        "value": 11225.019985,
        "wallet": "terra1q7a9kg5xusufjfjp3v8ghsc7urfrlj8m99hlwh"
      },
      {
        "amount": 11047.327068,
        "baseAmount": 13634.019011,
        "baseSymbol": "CWLUNC",
        "executionType": "direct",
        "pairId": "amplunc-cwlunc",
        "price": 1.2341464072782533,
        "sourceContract": "terra12gkp648mkgj6esr5y6dwc2q4mftnfzk2pudka8",
        "sourcePairId": "amplunc-cwlunc-ref-1",
        "sourceType": "reference",
        "timestamp": "2026-07-07T17:14:09Z",
        "tokenAmount": 11047.327068,
        "tokenSymbol": "AMPLUNC",
        "txhash": "364C7B51DDB8BBDBDC475726FAEDFA617F0D82B409C29E5CD0F8186699E1995C",
        "type": "BUY",
        "value": 13634.019011,
        "wallet": "terra1q7a9kg5xusufjfjp3v8ghsc7urfrlj8m99hlwh"
      },
      {
        "amount": 13769.84869,
        "baseAmount": 16842.953454,
        "baseSymbol": "CWLUNC",
        "executionType": "direct",
        "pairId": "amplunc-cwlunc",
        "price": 1.223176364038899,
        "sourceContract": "terra12gkp648mkgj6esr5y6dwc2q4mftnfzk2pudka8",
        "sourcePairId": "amplunc-cwlunc-ref-1",
        "sourceType": "reference",
        "timestamp": "2026-07-07T17:14:03Z",
        "tokenAmount": 13769.84869,
        "tokenSymbol": "AMPLUNC",
        "txhash": "2A405AB006A2672FFBD06394967B59C50019A1912D78649161229AD3B6F8DCC7",
        "type": "BUY",
        "value": 16842.953454,
        "wallet": "terra1q7a9kg5xusufjfjp3v8ghsc7urfrlj8m99hlwh"
      },
      {
        "amount": 57527.984398,
        "baseAmount": 71057.542718,
        "baseSymbol": "CWLUNC",
        "executionType": "direct",
        "pairId": "amplunc-cwlunc",
        "price": 1.2351822067395493,
        "sourceContract": "terra12gkp648mkgj6esr5y6dwc2q4mftnfzk2pudka8",
        "sourcePairId": "amplunc-cwlunc-ref-1",
        "sourceType": "reference",
        "timestamp": "2026-07-07T17:13:57Z",
        "tokenAmount": 57527.984398,
        "tokenSymbol": "AMPLUNC",
        "txhash": "23CC442A542E012F3A93AE615EC23DADF4087EEB0A29046472FA0561B436F6FB",
        "type": "SELL",
        "value": 71057.542718,
        "wallet": "terra1g3zc8lwwmkrm0cz9wkgl849pdqaw6cq8lh7872"
      },
      {
        "amount": 15514.540225,
        "baseAmount": 19572.92175,
        "baseSymbol": "CWLUNC",
        "executionType": "direct",
        "pairId": "amplunc-cwlunc",
        "price": 1.2615856780892778,
        "sourceContract": "terra12gkp648mkgj6esr5y6dwc2q4mftnfzk2pudka8",
        "sourcePairId": "amplunc-cwlunc-ref-1",
        "sourceType": "reference",
        "timestamp": "2026-07-07T08:12:49Z",
        "tokenAmount": 15514.540225,
        "tokenSymbol": "AMPLUNC",
        "txhash": "192BFDAF30DDC373842CA7F4C60892C8F46766889BA80B888C66864DE5663F63",
        "type": "BUY",
        "value": 19572.92175,
        "wallet": "terra1q7a9kg5xusufjfjp3v8ghsc7urfrlj8m99hlwh"
      },
      {
        "amount": 21327.438878,
        "baseAmount": 26548.722099,
        "baseSymbol": "CWLUNC",
        "executionType": "direct",
        "pairId": "amplunc-cwlunc",
        "price": 1.2448152940851203,
        "sourceContract": "terra12gkp648mkgj6esr5y6dwc2q4mftnfzk2pudka8",
        "sourcePairId": "amplunc-cwlunc-ref-1",
        "sourceType": "reference",
        "timestamp": "2026-07-07T08:12:44Z",
        "tokenAmount": 21327.438878,
        "tokenSymbol": "AMPLUNC",
        "txhash": "E0A08DCA5EF54F7329BC61E55FE10F9DF76D297EB82BA1F0582A1DBB4BCC1E69",
        "type": "BUY",
        "value": 26548.722099,
        "wallet": "terra1q7a9kg5xusufjfjp3v8ghsc7urfrlj8m99hlwh"
      },
      {
        "amount": 77420.208099,
        "baseAmount": 97777.735541,
        "baseSymbol": "CWLUNC",
        "executionType": "direct",
        "pairId": "amplunc-cwlunc",
        "price": 1.262948498097139,
        "sourceContract": "terra12gkp648mkgj6esr5y6dwc2q4mftnfzk2pudka8",
        "sourcePairId": "amplunc-cwlunc-ref-1",
        "sourceType": "reference",
        "timestamp": "2026-07-07T08:12:38Z",
        "tokenAmount": 77420.208099,
        "tokenSymbol": "AMPLUNC",
        "txhash": "2DAA6509309E558BD604388912C11B0C24267C7E9CB1D7492BBCC6893C94317D",
        "type": "SELL",
        "value": 97777.735541,
        "wallet": "terra1g3zc8lwwmkrm0cz9wkgl849pdqaw6cq8lh7872"
      },
      {
        "amount": 8049.681921,
        "baseAmount": 10480.148023,
        "baseSymbol": "CWLUNC",
        "executionType": "direct",
        "pairId": "amplunc-cwlunc",
        "price": 1.3019331851683982,
        "sourceContract": "terra1r8k9pea8wmt93l703azhs82kpjva0cpq8tq5at",
        "sourcePairId": "amplunc-cwlunc-ref-3",
        "sourceType": "reference",
        "timestamp": "2026-07-07T04:52:25Z",
        "tokenAmount": 8049.681921,
        "tokenSymbol": "AMPLUNC",
        "txhash": "F524E894355813CB5A603C98F3D5E66FBE9C3D172F5D83893E2133D083EDA2F9",
        "type": "BUY",
        "value": 10480.148023,
        "wallet": "terra1q7a9kg5xusufjfjp3v8ghsc7urfrlj8m99hlwh"
      },
      {
        "amount": 7792.308176,
        "baseAmount": 10024.8929,
        "baseSymbol": "CWLUNC",
        "executionType": "direct",
        "pairId": "amplunc-cwlunc",
        "price": 1.286511348572721,
        "sourceContract": "terra1r8k9pea8wmt93l703azhs82kpjva0cpq8tq5at",
        "sourcePairId": "amplunc-cwlunc-ref-3",
        "sourceType": "reference",
        "timestamp": "2026-07-05T09:28:55Z",
        "tokenAmount": 7792.308176,
        "tokenSymbol": "AMPLUNC",
        "txhash": "6C518F3A683AA2532DD33098480815CCF407AB3A478928991FCCD05D77A702E6",
        "type": "BUY",
        "value": 10024.8929,
        "wallet": "terra1q7a9kg5xusufjfjp3v8ghsc7urfrlj8m99hlwh"
      },
      {
        "amount": 8600.980254,
        "baseAmount": 11209.981969,
        "baseSymbol": "CWLUNC",
        "executionType": "direct",
        "pairId": "amplunc-cwlunc",
        "price": 1.3033377170917988,
        "sourceContract": "terra12gkp648mkgj6esr5y6dwc2q4mftnfzk2pudka8",
        "sourcePairId": "amplunc-cwlunc-ref-1",
        "sourceType": "reference",
        "timestamp": "2026-07-03T21:15:46Z",
        "tokenAmount": 8600.980254,
        "tokenSymbol": "AMPLUNC",
        "txhash": "97E51ED3ED13FD5D757F4ADE89D55E44C84D34D76C5C3E4191E54F3600DE737B",
        "type": "SELL",
        "value": 11209.981969,
        "wallet": "terra1g3zc8lwwmkrm0cz9wkgl849pdqaw6cq8lh7872"
      },
      {
        "amount": 10125.04505,
        "baseAmount": 13204.776286,
        "baseSymbol": "CWLUNC",
        "executionType": "direct",
        "pairId": "amplunc-cwlunc",
        "price": 1.3041696329044974,
        "sourceContract": "terra132qwlqxffksjfg6ntzp4m5786lrlmgrufzx5c6",
        "sourcePairId": "amplunc-cwlunc-ref-2",
        "sourceType": "reference",
        "timestamp": "2026-07-03T08:13:13Z",
        "tokenAmount": 10125.04505,
        "tokenSymbol": "AMPLUNC",
        "txhash": "E1281ADA45B2FA513C926C394C07331BF9B064DA04264DF7CDABC010FFA993A0",
        "type": "SELL",
        "value": 13204.776286,
        "wallet": "terra1ydeh9exz82qrzw82ycjr6n462u5ldt8m8qt4rh"
      },
      {
        "amount": 38556.661624,
        "baseAmount": 50000.0,
        "baseSymbol": "CWLUNC",
        "executionType": "direct",
        "pairId": "amplunc-cwlunc",
        "price": 1.2967927692390508,
        "sourceContract": "terra12gkp648mkgj6esr5y6dwc2q4mftnfzk2pudka8",
        "sourcePairId": "amplunc-cwlunc-ref-1",
        "sourceType": "reference",
        "timestamp": "2026-07-02T15:06:22Z",
        "tokenAmount": 38556.661624,
        "tokenSymbol": "AMPLUNC",
        "txhash": "8DBF2E185A24B5178B5CD9B97813AB57DFA8BD84222D5D2CEF9E2FF910C3F49A",
        "type": "BUY",
        "value": 50000.0,
        "wallet": "terra1g3zc8lwwmkrm0cz9wkgl849pdqaw6cq8lh7872"
      },
      {
        "amount": 10772.699405,
        "baseAmount": 13743.49647,
        "baseSymbol": "CWLUNC",
        "executionType": "direct",
        "pairId": "amplunc-cwlunc",
        "price": 1.275770905073351,
        "sourceContract": "terra12gkp648mkgj6esr5y6dwc2q4mftnfzk2pudka8",
        "sourcePairId": "amplunc-cwlunc-ref-1",
        "sourceType": "reference",
        "timestamp": "2026-07-02T12:09:08Z",
        "tokenAmount": 10772.699405,
        "tokenSymbol": "AMPLUNC",
        "txhash": "ED1E26820766063700B69736631137936E85398E9ABAC0EA19D29349704CE504",
        "type": "SELL",
        "value": 13743.49647,
        "wallet": "terra1g3zc8lwwmkrm0cz9wkgl849pdqaw6cq8lh7872"
      },
      {
        "amount": 8217.70496,
        "baseAmount": 10742.039836,
        "baseSymbol": "CWLUNC",
        "executionType": "direct",
        "pairId": "amplunc-cwlunc",
        "price": 1.3071824661857903,
        "sourceContract": "terra132qwlqxffksjfg6ntzp4m5786lrlmgrufzx5c6",
        "sourcePairId": "amplunc-cwlunc-ref-2",
        "sourceType": "reference",
        "timestamp": "2026-07-01T14:04:03Z",
        "tokenAmount": 8217.70496,
        "tokenSymbol": "AMPLUNC",
        "txhash": "AA5965CCCD2F5EA87BD92547D5CC5FB36024D2E24215E36EE29B9D46AA0FCCF4",
        "type": "SELL",
        "value": 10742.039836,
        "wallet": "terra1ydeh9exz82qrzw82ycjr6n462u5ldt8m8qt4rh"
      },
      {
        "amount": 1471.094899,
        "baseAmount": 1879.472774,
        "baseSymbol": "CWLUNC",
        "executionType": "direct",
        "pairId": "amplunc-cwlunc",
        "price": 1.2776013126533179,
        "sourceContract": "terra1r8k9pea8wmt93l703azhs82kpjva0cpq8tq5at",
        "sourcePairId": "amplunc-cwlunc-ref-3",
        "sourceType": "reference",
        "timestamp": "2026-07-01T14:01:22Z",
        "tokenAmount": 1471.094899,
        "tokenSymbol": "AMPLUNC",
        "txhash": "E4711E72139855027DDA0BC06247F023751481B460FDB8C5BD608C89C3ADE1B8",
        "type": "BUY",
        "value": 1879.472774,
        "wallet": "terra1ydeh9exz82qrzw82ycjr6n462u5ldt8m8qt4rh"
      },
      {
        "amount": 2281.439048,
        "baseAmount": 2924.58332,
        "baseSymbol": "CWLUNC",
        "executionType": "direct",
        "pairId": "amplunc-cwlunc",
        "price": 1.2819028948258802,
        "sourceContract": "terra12gkp648mkgj6esr5y6dwc2q4mftnfzk2pudka8",
        "sourcePairId": "amplunc-cwlunc-ref-1",
        "sourceType": "reference",
        "timestamp": "2026-07-01T08:56:47Z",
        "tokenAmount": 2281.439048,
        "tokenSymbol": "AMPLUNC",
        "txhash": "6F19EACEE0E970284491A995C3ACB65ADD64EEA9E591C6F300308910A6D9C295",
        "type": "SELL",
        "value": 2924.58332,
        "wallet": "terra1g3zc8lwwmkrm0cz9wkgl849pdqaw6cq8lh7872"
      },
      {
        "amount": 337.291894,
        "baseAmount": 444.0,
        "baseSymbol": "CWLUNC",
        "executionType": "direct",
        "pairId": "amplunc-cwlunc",
        "price": 1.3163672412477248,
        "sourceContract": "terra132qwlqxffksjfg6ntzp4m5786lrlmgrufzx5c6",
        "sourcePairId": "amplunc-cwlunc-ref-2",
        "sourceType": "reference",
        "timestamp": "2026-07-01T04:49:25Z",
        "tokenAmount": 337.291894,
        "tokenSymbol": "AMPLUNC",
        "txhash": "418890A4092110AB0A1A85EF002D2A0E5E39A993A416B0BE2F087905CBB5FCD6",
        "type": "BUY",
        "value": 444.0,
        "wallet": "terra1nmy7ak8va66mrzugkc6mkvp6422ywavqvs5pm0"
      },
      {
        "amount": 76705.157228,
        "baseAmount": 100000.0,
        "baseSymbol": "CWLUNC",
        "executionType": "direct",
        "pairId": "amplunc-cwlunc",
        "price": 1.303693305819815,
        "sourceContract": "terra132qwlqxffksjfg6ntzp4m5786lrlmgrufzx5c6",
        "sourcePairId": "amplunc-cwlunc-ref-2",
        "sourceType": "reference",
        "timestamp": "2026-07-01T00:38:34Z",
        "tokenAmount": 76705.157228,
        "tokenSymbol": "AMPLUNC",
        "txhash": "0AF8273477FF3A99904800C6A3F496FCDA5D466596D39F0CA41C43AF1DFC4818",
        "type": "BUY",
        "value": 100000.0,
        "wallet": "terra1gygragtv7rhv86scnq4lkw0kw499939qer9ur5"
      },
      {
        "amount": 78205.982164,
        "baseAmount": 100000.0,
        "baseSymbol": "CWLUNC",
        "executionType": "direct",
        "pairId": "amplunc-cwlunc",
        "price": 1.2786745621364024,
        "sourceContract": "terra132qwlqxffksjfg6ntzp4m5786lrlmgrufzx5c6",
        "sourcePairId": "amplunc-cwlunc-ref-2",
        "sourceType": "reference",
        "timestamp": "2026-07-01T00:37:58Z",
        "tokenAmount": 78205.982164,
        "tokenSymbol": "AMPLUNC",
        "txhash": "BF606DB8DE105D512200EAAC420A9B6CF7769BB219657DE236E63B52625F15A3",
        "type": "BUY",
        "value": 100000.0,
        "wallet": "terra1gygragtv7rhv86scnq4lkw0kw499939qer9ur5"
      },
      {
        "amount": 26725.83178,
        "baseAmount": 34628.630915,
        "baseSymbol": "CWLUNC",
        "executionType": "direct",
        "pairId": "amplunc-cwlunc",
        "price": 1.2956989028462709,
        "sourceContract": "terra12gkp648mkgj6esr5y6dwc2q4mftnfzk2pudka8",
        "sourcePairId": "amplunc-cwlunc-ref-1",
        "sourceType": "reference",
        "timestamp": "2026-07-01T00:36:59Z",
        "tokenAmount": 26725.83178,
        "tokenSymbol": "AMPLUNC",
        "txhash": "9A7651058874ACC454AFB0EC991DC6F8BA812E2B8E2D6AE0554969D6F5E71413",
        "type": "SELL",
        "value": 34628.630915,
        "wallet": "terra1q7a9kg5xusufjfjp3v8ghsc7urfrlj8m99hlwh"
      },
      {
        "amount": 78169.937556,
        "baseAmount": 100000.0,
        "baseSymbol": "CWLUNC",
        "executionType": "direct",
        "pairId": "amplunc-cwlunc",
        "price": 1.2792641663345476,
        "sourceContract": "terra12gkp648mkgj6esr5y6dwc2q4mftnfzk2pudka8",
        "sourcePairId": "amplunc-cwlunc-ref-1",
        "sourceType": "reference",
        "timestamp": "2026-07-01T00:36:53Z",
        "tokenAmount": 78169.937556,
        "tokenSymbol": "AMPLUNC",
        "txhash": "5E608E901F90AECA20C670C7C3595F5AB17B2A2B656F0776F3DFA5843E56C19D",
        "type": "BUY",
        "value": 100000.0,
        "wallet": "terra1g3zc8lwwmkrm0cz9wkgl849pdqaw6cq8lh7872"
      },
      {
        "amount": 79751.305625,
        "baseAmount": 100000.0,
        "baseSymbol": "CWLUNC",
        "executionType": "direct",
        "pairId": "amplunc-cwlunc",
        "price": 1.2538979671406478,
        "sourceContract": "terra132qwlqxffksjfg6ntzp4m5786lrlmgrufzx5c6",
        "sourcePairId": "amplunc-cwlunc-ref-2",
        "sourceType": "reference",
        "timestamp": "2026-07-01T00:36:17Z",
        "tokenAmount": 79751.305625,
        "tokenSymbol": "AMPLUNC",
        "txhash": "4620B5F321C0DF0AC9DDD8CAD3AD0CD0BCB02E96232050A9779FBE2AFC1F1A17",
        "type": "BUY",
        "value": 100000.0,
        "wallet": "terra1gygragtv7rhv86scnq4lkw0kw499939qer9ur5"
      },
      {
        "amount": 81342.904617,
        "baseAmount": 100000.0,
        "baseSymbol": "CWLUNC",
        "executionType": "direct",
        "pairId": "amplunc-cwlunc",
        "price": 1.2293635255692705,
        "sourceContract": "terra132qwlqxffksjfg6ntzp4m5786lrlmgrufzx5c6",
        "sourcePairId": "amplunc-cwlunc-ref-2",
        "sourceType": "reference",
        "timestamp": "2026-07-01T00:35:30Z",
        "tokenAmount": 81342.904617,
        "tokenSymbol": "AMPLUNC",
        "txhash": "D821A570FBF2A203D6321C55931593A248B81D5A75BF15334D4F2DED7500C31A",
        "type": "BUY",
        "value": 100000.0,
        "wallet": "terra1gygragtv7rhv86scnq4lkw0kw499939qer9ur5"
      },
      {
        "amount": 82982.64575,
        "baseAmount": 100000.0,
        "baseSymbol": "CWLUNC",
        "executionType": "direct",
        "pairId": "amplunc-cwlunc",
        "price": 1.2050712422603134,
        "sourceContract": "terra132qwlqxffksjfg6ntzp4m5786lrlmgrufzx5c6",
        "sourcePairId": "amplunc-cwlunc-ref-2",
        "sourceType": "reference",
        "timestamp": "2026-07-01T00:34:31Z",
        "tokenAmount": 82982.64575,
        "tokenSymbol": "AMPLUNC",
        "txhash": "7EDC40490A41937DF7B472BC1EA4A475D97FAE06DACC387B960698ADF30A0146",
        "type": "BUY",
        "value": 100000.0,
        "wallet": "terra1gygragtv7rhv86scnq4lkw0kw499939qer9ur5"
      },
      {
        "amount": 84672.490727,
        "baseAmount": 100000.0,
        "baseSymbol": "CWLUNC",
        "executionType": "direct",
        "pairId": "amplunc-cwlunc",
        "price": 1.1810211219889442,
        "sourceContract": "terra132qwlqxffksjfg6ntzp4m5786lrlmgrufzx5c6",
        "sourcePairId": "amplunc-cwlunc-ref-2",
        "sourceType": "reference",
        "timestamp": "2026-07-01T00:34:07Z",
        "tokenAmount": 84672.490727,
        "tokenSymbol": "AMPLUNC",
        "txhash": "A062089E7A4F42E68F09780B8BD3384D343B973FEA0F725F183C7ECC9E2203F6",
        "type": "BUY",
        "value": 100000.0,
        "wallet": "terra1gygragtv7rhv86scnq4lkw0kw499939qer9ur5"
      },
      {
        "amount": 4028.380027,
        "baseAmount": 5000.0,
        "baseSymbol": "CWLUNC",
        "executionType": "direct",
        "pairId": "amplunc-cwlunc",
        "price": 1.2411937221631946,
        "sourceContract": "terra12gkp648mkgj6esr5y6dwc2q4mftnfzk2pudka8",
        "sourcePairId": "amplunc-cwlunc-ref-1",
        "sourceType": "reference",
        "timestamp": "2026-06-30T23:20:06Z",
        "tokenAmount": 4028.380027,
        "tokenSymbol": "AMPLUNC",
        "txhash": "26ADE568621D9B3453398C403268EF4F7CF5ADB0DF5E9C4E264A1563EE21BF21",
        "type": "BUY",
        "value": 5000.0,
        "wallet": "terra1zafpjz7h4x9cd8n5rf9lxz7tru352taxtl8jeu"
      },
      {
        "amount": 4040.14889,
        "baseAmount": 5000.0,
        "baseSymbol": "CWLUNC",
        "executionType": "direct",
        "pairId": "amplunc-cwlunc",
        "price": 1.2375781527200103,
        "sourceContract": "terra12gkp648mkgj6esr5y6dwc2q4mftnfzk2pudka8",
        "sourcePairId": "amplunc-cwlunc-ref-1",
        "sourceType": "reference",
        "timestamp": "2026-06-30T23:17:20Z",
        "tokenAmount": 4040.14889,
        "tokenSymbol": "AMPLUNC",
        "txhash": "D512026BFAA18353CF7345C5CFAC8A87D0111B83B0F7F33C23DE40910EFCD6CE",
        "type": "BUY",
        "value": 5000.0,
        "wallet": "terra1zafpjz7h4x9cd8n5rf9lxz7tru352taxtl8jeu"
      },
      {
        "amount": 7439.434136,
        "baseAmount": 9076.77993,
        "baseSymbol": "CWLUNC",
        "executionType": "direct",
        "pairId": "amplunc-cwlunc",
        "price": 1.22009009879888,
        "sourceContract": "terra1r8k9pea8wmt93l703azhs82kpjva0cpq8tq5at",
        "sourcePairId": "amplunc-cwlunc-ref-3",
        "sourceType": "reference",
        "timestamp": "2026-06-30T15:47:19Z",
        "tokenAmount": 7439.434136,
        "tokenSymbol": "AMPLUNC",
        "txhash": "E767514D77B1DF0F329610270AE88A036F6BE0567784CD32F61999C375471F16",
        "type": "BUY",
        "value": 9076.77993,
        "wallet": "terra1q7a9kg5xusufjfjp3v8ghsc7urfrlj8m99hlwh"
      },
      {
        "amount": 1814.187772,
        "baseAmount": 2240.454107,
        "baseSymbol": "CWLUNC",
        "executionType": "direct",
        "pairId": "amplunc-cwlunc",
        "price": 1.2349626326331562,
        "sourceContract": "terra12gkp648mkgj6esr5y6dwc2q4mftnfzk2pudka8",
        "sourcePairId": "amplunc-cwlunc-ref-1",
        "sourceType": "reference",
        "timestamp": "2026-06-30T00:01:25Z",
        "tokenAmount": 1814.187772,
        "tokenSymbol": "AMPLUNC",
        "txhash": "892609DA5608EE847BA5917BE1B23312B99F1D9751245845F0F190E1701B9F5F",
        "type": "BUY",
        "value": 2240.454107,
        "wallet": "terra1g3zc8lwwmkrm0cz9wkgl849pdqaw6cq8lh7872"
      },
      {
        "amount": 7281.159173,
        "baseAmount": 8962.555703,
        "baseSymbol": "CWLUNC",
        "executionType": "direct",
        "pairId": "amplunc-cwlunc",
        "price": 1.2309242924169213,
        "sourceContract": "terra12gkp648mkgj6esr5y6dwc2q4mftnfzk2pudka8",
        "sourcePairId": "amplunc-cwlunc-ref-1",
        "sourceType": "reference",
        "timestamp": "2026-06-29T23:55:57Z",
        "tokenAmount": 7281.159173,
        "tokenSymbol": "AMPLUNC",
        "txhash": "B5A2C5CE400A9D790A134602105DA758B3381F9A4E90E1C94A66EA2635FC3D6E",
        "type": "BUY",
        "value": 8962.555703,
        "wallet": "terra1g3zc8lwwmkrm0cz9wkgl849pdqaw6cq8lh7872"
      },
      {
        "amount": 1824.962238,
        "baseAmount": 2239.027487,
        "baseSymbol": "CWLUNC",
        "executionType": "direct",
        "pairId": "amplunc-cwlunc",
        "price": 1.226889762636283,
        "sourceContract": "terra12gkp648mkgj6esr5y6dwc2q4mftnfzk2pudka8",
        "sourcePairId": "amplunc-cwlunc-ref-1",
        "sourceType": "reference",
        "timestamp": "2026-06-29T23:53:41Z",
        "tokenAmount": 1824.962238,
        "tokenSymbol": "AMPLUNC",
        "txhash": "B0AEAF7359AE48CC6BC1D506ACC82893F274E64EE09A5B20E49DAC6D863DF8DD",
        "type": "BUY",
        "value": 2239.027487,
        "wallet": "terra1g3zc8lwwmkrm0cz9wkgl849pdqaw6cq8lh7872"
      },
      {
        "amount": 339010.076833,
        "baseAmount": 410462.246916,
        "baseSymbol": "CWLUNC",
        "executionType": "direct",
        "pairId": "amplunc-cwlunc",
        "price": 1.210767097988648,
        "sourceContract": "terra132qwlqxffksjfg6ntzp4m5786lrlmgrufzx5c6",
        "sourcePairId": "amplunc-cwlunc-ref-2",
        "sourceType": "reference",
        "timestamp": "2026-06-29T20:33:05Z",
        "tokenAmount": 339010.076833,
        "tokenSymbol": "AMPLUNC",
        "txhash": "A68A12356A0DFD89CBEAD0D5E7C5375EBA3E491FAE9920C5C90BEF87B7CA27B0",
        "type": "SELL",
        "value": 410462.246916,
        "wallet": "terra1523cvjz5pcra9yg3ffv2jt6q0a90693ayzp5s4"
      },
      {
        "amount": 74.503922,
        "baseAmount": 1e-06,
        "baseSymbol": "CWLUNC",
        "executionType": "direct",
        "pairId": "amplunc-cwlunc",
        "price": 1.3422112194308374e-08,
        "sourceContract": "terra1fkhc5unv3x8dss2nkthv482um40fsx7hjqmmdnq3qrjdjzup3pesaa75hg",
        "sourcePairId": "amplunc-cwlunc",
        "sourceType": "primary",
        "timestamp": "2026-06-29T20:21:35Z",
        "tokenAmount": 74.503922,
        "tokenSymbol": "AMPLUNC",
        "txhash": "1814E4FB492CD24311DE71C74F2F87D10A9B8A06614E8CAB06004504A030DD3D",
        "type": "BUY",
        "value": 1e-06,
        "wallet": "terra1523cvjz5pcra9yg3ffv2jt6q0a90693ayzp5s4"
      },
      {
        "amount": 1e-06,
        "baseAmount": 100.000001,
        "baseSymbol": "CWLUNC",
        "executionType": "direct",
        "pairId": "amplunc-cwlunc",
        "price": 100000001.0,
        "sourceContract": "terra1fkhc5unv3x8dss2nkthv482um40fsx7hjqmmdnq3qrjdjzup3pesaa75hg",
        "sourcePairId": "amplunc-cwlunc",
        "sourceType": "primary",
        "timestamp": "2026-06-29T20:21:23Z",
        "tokenAmount": 1e-06,
        "tokenSymbol": "AMPLUNC",
        "txhash": "EB4AE1849AB24897603B40E3D542E0E646A1061D1E4B2BA9D1F07B33EEE4B3C2",
        "type": "SELL",
        "value": 100.000001,
        "wallet": "terra1523cvjz5pcra9yg3ffv2jt6q0a90693ayzp5s4"
      },
      {
        "amount": 1e-06,
        "baseAmount": 100.000001,
        "baseSymbol": "CWLUNC",
        "executionType": "direct",
        "pairId": "amplunc-cwlunc",
        "price": 100000001.0,
        "sourceContract": "terra1fkhc5unv3x8dss2nkthv482um40fsx7hjqmmdnq3qrjdjzup3pesaa75hg",
        "sourcePairId": "amplunc-cwlunc",
        "sourceType": "primary",
        "timestamp": "2026-06-29T20:16:15Z",
        "tokenAmount": 1e-06,
        "tokenSymbol": "AMPLUNC",
        "txhash": "2DF78D29D12D25EF40E7648F3506C35B71A47B238C912D640EE48BFEA1B79170",
        "type": "SELL",
        "value": 100.000001,
        "wallet": "terra1523cvjz5pcra9yg3ffv2jt6q0a90693ayzp5s4"
      },
      {
        "amount": 1e-06,
        "baseAmount": 100.000001,
        "baseSymbol": "CWLUNC",
        "executionType": "direct",
        "pairId": "amplunc-cwlunc",
        "price": 100000001.0,
        "sourceContract": "terra1fkhc5unv3x8dss2nkthv482um40fsx7hjqmmdnq3qrjdjzup3pesaa75hg",
        "sourcePairId": "amplunc-cwlunc",
        "sourceType": "primary",
        "timestamp": "2026-06-29T20:15:57Z",
        "tokenAmount": 1e-06,
        "tokenSymbol": "AMPLUNC",
        "txhash": "EFEBBA9D9454445C923A7B8840A14E3D1B3673BFCCC0595A546956847C2E1833",
        "type": "SELL",
        "value": 100.000001,
        "wallet": "terra1523cvjz5pcra9yg3ffv2jt6q0a90693ayzp5s4"
      },
      {
        "amount": 1e-06,
        "baseAmount": 100.000001,
        "baseSymbol": "CWLUNC",
        "executionType": "direct",
        "pairId": "amplunc-cwlunc",
        "price": 100000001.0,
        "sourceContract": "terra1fkhc5unv3x8dss2nkthv482um40fsx7hjqmmdnq3qrjdjzup3pesaa75hg",
        "sourcePairId": "amplunc-cwlunc",
        "sourceType": "primary",
        "timestamp": "2026-06-29T20:15:45Z",
        "tokenAmount": 1e-06,
        "tokenSymbol": "AMPLUNC",
        "txhash": "0DB0D11EA5E9F46714EE34971AEA7D965ECC79998EF8E75402EC4893198984C2",
        "type": "SELL",
        "value": 100.000001,
        "wallet": "terra1523cvjz5pcra9yg3ffv2jt6q0a90693ayzp5s4"
      },
      {
        "amount": 1e-06,
        "baseAmount": 100.000001,
        "baseSymbol": "CWLUNC",
        "executionType": "direct",
        "pairId": "amplunc-cwlunc",
        "price": 100000001.0,
        "sourceContract": "terra1fkhc5unv3x8dss2nkthv482um40fsx7hjqmmdnq3qrjdjzup3pesaa75hg",
        "sourcePairId": "amplunc-cwlunc",
        "sourceType": "primary",
        "timestamp": "2026-06-29T20:15:28Z",
        "tokenAmount": 1e-06,
        "tokenSymbol": "AMPLUNC",
        "txhash": "3A64A8DF736C44E4C4FA2770A3E35AF8D1B92F9092F14F6E5B2C88540568559B",
        "type": "SELL",
        "value": 100.000001,
        "wallet": "terra1523cvjz5pcra9yg3ffv2jt6q0a90693ayzp5s4"
      }
    ],
    "amplunc-cwustc": [],
    "amplunc-lunc": [
      {
        "amount": 2.0,
        "baseAmount": 101.632353,
        "baseSymbol": "LUNC",
        "executionType": "routed",
        "pairId": "amplunc-lunc",
        "price": 50.8161765,
        "sourceContract": "terra1nynrxdccq0r9ghrz0sq7tjkkh8wug0ggg4lkzsags8r9dyhf7ypqx5gsr8",
        "sourcePairId": "amplunc-lunc",
        "sourceType": "routed",
        "timestamp": "2026-06-29T18:39:48Z",
        "tokenAmount": 2.0,
        "tokenSymbol": "AMPLUNC",
        "txhash": "71D11099FAF4EFD2B9E25DF7FCAD9458A0AA5C2589383AD1509C3DC21990CFF4",
        "type": "SWAP",
        "value": 101.632353,
        "wallet": ""
      },
      {
        "amount": 1.0,
        "baseAmount": 75.253827,
        "baseSymbol": "LUNC",
        "executionType": "routed",
        "pairId": "amplunc-lunc",
        "price": 75.253827,
        "sourceContract": "terra1nynrxdccq0r9ghrz0sq7tjkkh8wug0ggg4lkzsags8r9dyhf7ypqx5gsr8",
        "sourcePairId": "amplunc-lunc",
        "sourceType": "routed",
        "timestamp": "2026-06-29T18:39:06Z",
        "tokenAmount": 1.0,
        "tokenSymbol": "AMPLUNC",
        "txhash": "9DD0E17F858B545D4D9576A833CCFDC593021BA36BDA3A0561955B41706B257A",
        "type": "SWAP",
        "value": 75.253827,
        "wallet": ""
      },
      {
        "amount": 18906.693641,
        "baseAmount": 25111.921737,
        "baseSymbol": "LUNC",
        "executionType": "routed",
        "pairId": "amplunc-lunc",
        "price": 1.3282027103112142,
        "sourceContract": "terra1nynrxdccq0r9ghrz0sq7tjkkh8wug0ggg4lkzsags8r9dyhf7ypqx5gsr8",
        "sourcePairId": "amplunc-lunc",
        "sourceType": "routed",
        "timestamp": "2026-05-31T13:12:20Z",
        "tokenAmount": 18906.693641,
        "tokenSymbol": "AMPLUNC",
        "txhash": "9435059950C559D0AF5D47283D7F679B39E206A3D0B5E228060FB6114B100ACF",
        "type": "SWAP",
        "value": 25111.921737,
        "wallet": ""
      },
      {
        "amount": 50000.0,
        "baseAmount": 38020.958345,
        "baseSymbol": "LUNC",
        "executionType": "routed",
        "pairId": "amplunc-lunc",
        "price": 0.7604191669,
        "sourceContract": "terra1nynrxdccq0r9ghrz0sq7tjkkh8wug0ggg4lkzsags8r9dyhf7ypqx5gsr8",
        "sourcePairId": "amplunc-lunc",
        "sourceType": "routed",
        "timestamp": "2026-05-10T08:51:56Z",
        "tokenAmount": 50000.0,
        "tokenSymbol": "AMPLUNC",
        "txhash": "FAACCD5DA681F17C4950C0B3455AE21A97ED903B4BAABA6D6782210CA2265D63",
        "type": "SWAP",
        "value": 38020.958345,
        "wallet": ""
      },
      {
        "amount": 50000.0,
        "baseAmount": 38317.109736,
        "baseSymbol": "LUNC",
        "executionType": "routed",
        "pairId": "amplunc-lunc",
        "price": 0.76634219472,
        "sourceContract": "terra1nynrxdccq0r9ghrz0sq7tjkkh8wug0ggg4lkzsags8r9dyhf7ypqx5gsr8",
        "sourcePairId": "amplunc-lunc",
        "sourceType": "routed",
        "timestamp": "2026-05-10T08:51:03Z",
        "tokenAmount": 50000.0,
        "tokenSymbol": "AMPLUNC",
        "txhash": "04C889EB874D85440428EB7C4CEF8187928D1F2A0D5EBBBEF62BA74BC923644A",
        "type": "SWAP",
        "value": 38317.109736,
        "wallet": ""
      },
      {
        "amount": 50000.0,
        "baseAmount": 38798.724832,
        "baseSymbol": "LUNC",
        "executionType": "routed",
        "pairId": "amplunc-lunc",
        "price": 0.77597449664,
        "sourceContract": "terra1nynrxdccq0r9ghrz0sq7tjkkh8wug0ggg4lkzsags8r9dyhf7ypqx5gsr8",
        "sourcePairId": "amplunc-lunc",
        "sourceType": "routed",
        "timestamp": "2026-05-10T08:50:34Z",
        "tokenAmount": 50000.0,
        "tokenSymbol": "AMPLUNC",
        "txhash": "1E14EA7D581CD6CA7E673541B2610910984FCF9BFEFC4D8CBC477F631658015D",
        "type": "SWAP",
        "value": 38798.724832,
        "wallet": ""
      },
      {
        "amount": 12345.0,
        "baseAmount": 9578.673131,
        "baseSymbol": "LUNC",
        "executionType": "routed",
        "pairId": "amplunc-lunc",
        "price": 0.775915198946942,
        "sourceContract": "terra1nynrxdccq0r9ghrz0sq7tjkkh8wug0ggg4lkzsags8r9dyhf7ypqx5gsr8",
        "sourcePairId": "amplunc-lunc",
        "sourceType": "routed",
        "timestamp": "2026-05-02T01:06:00Z",
        "tokenAmount": 12345.0,
        "tokenSymbol": "AMPLUNC",
        "txhash": "8076734D8388FE5F314EE91CD4B69CE1C6B53D3A0F52702F75B856414F205B05",
        "type": "SWAP",
        "value": 9578.673131,
        "wallet": ""
      },
      {
        "amount": 26772.690282,
        "baseAmount": 20608.777342,
        "baseSymbol": "LUNC",
        "executionType": "routed",
        "pairId": "amplunc-lunc",
        "price": 0.7697686382998961,
        "sourceContract": "terra1nynrxdccq0r9ghrz0sq7tjkkh8wug0ggg4lkzsags8r9dyhf7ypqx5gsr8",
        "sourcePairId": "amplunc-lunc",
        "sourceType": "routed",
        "timestamp": "2026-05-02T00:06:35Z",
        "tokenAmount": 26772.690282,
        "tokenSymbol": "AMPLUNC",
        "txhash": "EC33BB46AF37719207927BC74BDBFEDFB34FA94CC5E08B5F20BFB8B2D67B5FA6",
        "type": "SWAP",
        "value": 20608.777342,
        "wallet": ""
      }
    ],
    "amplunc-mdot": [],
    "amplunc-ustc": [],
    "astro-amplunc": [],
    "astro-cwlunc": [
      {
        "amount": 1384.573724,
        "baseAmount": 10878.558328,
        "baseSymbol": "CWLUNC",
        "executionType": "direct",
        "pairId": "astro-cwlunc",
        "price": 7.856972972571014,
        "sourceContract": "terra1nujm9zqa4hpaz9s8wrhrp86h3m9xwprjt9kmf9",
        "sourcePairId": "astro-cwlunc-ref-1",
        "sourceType": "reference",
        "timestamp": "2026-07-07T03:55:31Z",
        "tokenAmount": 1384.573724,
        "tokenSymbol": "ASTRO",
        "txhash": "82C98DD559ACA5CBF2FC7A22E640927BF3665617500CCB7F45C97778EEE1600F",
        "type": "BUY",
        "value": 10878.558328,
        "wallet": "terra1ydeh9exz82qrzw82ycjr6n462u5ldt8m8qt4rh"
      },
      {
        "amount": 1426.789953,
        "baseAmount": 10973.076815,
        "baseSymbol": "CWLUNC",
        "executionType": "direct",
        "pairId": "astro-cwlunc",
        "price": 7.690744381769557,
        "sourceContract": "terra1nujm9zqa4hpaz9s8wrhrp86h3m9xwprjt9kmf9",
        "sourcePairId": "astro-cwlunc-ref-1",
        "sourceType": "reference",
        "timestamp": "2026-07-01T14:04:38Z",
        "tokenAmount": 1426.789953,
        "tokenSymbol": "ASTRO",
        "txhash": "EB046BFE8343854FF2A1C7B518A5037CB1635989E4CDE1F773D49EEBAED2218D",
        "type": "BUY",
        "value": 10973.076815,
        "wallet": "terra1ydeh9exz82qrzw82ycjr6n462u5ldt8m8qt4rh"
      },
      {
        "amount": 200.0,
        "baseAmount": 1519.935935,
        "baseSymbol": "CWLUNC",
        "executionType": "direct",
        "pairId": "astro-cwlunc",
        "price": 7.599679675,
        "sourceContract": "terra1udqrxagr6tu0snr89hcyntj3zm0tjra3pslalsvyq6aczmr7aqtsfyyv48",
        "sourcePairId": "astro-cwlunc",
        "sourceType": "primary",
        "timestamp": "2026-06-16T16:34:26Z",
        "tokenAmount": 200.0,
        "tokenSymbol": "ASTRO",
        "txhash": "C2746D53701A8EBA32798A96D000413FBEC0B44B0FBA0B212A11DE873798DCF8",
        "type": "SELL",
        "value": 1519.935935,
        "wallet": "terra1nynrxdccq0r9ghrz0sq7tjkkh8wug0ggg4lkzsags8r9dyhf7ypqx5gsr8"
      },
      {
        "amount": 300.0,
        "baseAmount": 2273.354398,
        "baseSymbol": "CWLUNC",
        "executionType": "direct",
        "pairId": "astro-cwlunc",
        "price": 7.577847993333333,
        "sourceContract": "terra1udqrxagr6tu0snr89hcyntj3zm0tjra3pslalsvyq6aczmr7aqtsfyyv48",
        "sourcePairId": "astro-cwlunc",
        "sourceType": "primary",
        "timestamp": "2026-06-16T01:49:51Z",
        "tokenAmount": 300.0,
        "tokenSymbol": "ASTRO",
        "txhash": "7E4A0800668D39580303CA195622B36456BFEA0EE0AAFBACD58721757E453E13",
        "type": "SELL",
        "value": 2273.354398,
        "wallet": "terra1nynrxdccq0r9ghrz0sq7tjkkh8wug0ggg4lkzsags8r9dyhf7ypqx5gsr8"
      },
      {
        "amount": 231.309141,
        "baseAmount": 1000.0,
        "baseSymbol": "CWLUNC",
        "executionType": "direct",
        "pairId": "astro-cwlunc",
        "price": 4.32321868334637,
        "sourceContract": "terra1udqrxagr6tu0snr89hcyntj3zm0tjra3pslalsvyq6aczmr7aqtsfyyv48",
        "sourcePairId": "astro-cwlunc",
        "sourceType": "primary",
        "timestamp": "2026-06-15T20:41:57Z",
        "tokenAmount": 231.309141,
        "tokenSymbol": "ASTRO",
        "txhash": "A0A16FD3714C0A3F442D260CC1BA8F7F912CE8E335A48132970BDEF99D19663C",
        "type": "BUY",
        "value": 1000.0,
        "wallet": "terra1nynrxdccq0r9ghrz0sq7tjkkh8wug0ggg4lkzsags8r9dyhf7ypqx5gsr8"
      },
      {
        "amount": 1445.665403,
        "baseAmount": 11052.614681,
        "baseSymbol": "CWLUNC",
        "executionType": "direct",
        "pairId": "astro-cwlunc",
        "price": 7.645347711900663,
        "sourceContract": "terra1nujm9zqa4hpaz9s8wrhrp86h3m9xwprjt9kmf9",
        "sourcePairId": "astro-cwlunc-ref-1",
        "sourceType": "reference",
        "timestamp": "2026-06-12T21:02:12Z",
        "tokenAmount": 1445.665403,
        "tokenSymbol": "ASTRO",
        "txhash": "06F2292A5B0DD9F2DFC4B238AF536DC06299CF4E8062243CC498EC70EA2744F6",
        "type": "SELL",
        "value": 11052.614681,
        "wallet": "terra1ydeh9exz82qrzw82ycjr6n462u5ldt8m8qt4rh"
      },
      {
        "amount": 133.277767,
        "baseAmount": 1035.299828,
        "baseSymbol": "CWLUNC",
        "executionType": "direct",
        "pairId": "astro-cwlunc",
        "price": 7.767985998745011,
        "sourceContract": "terra1nujm9zqa4hpaz9s8wrhrp86h3m9xwprjt9kmf9",
        "sourcePairId": "astro-cwlunc-ref-1",
        "sourceType": "reference",
        "timestamp": "2026-06-12T20:59:13Z",
        "tokenAmount": 133.277767,
        "tokenSymbol": "ASTRO",
        "txhash": "011A9EA1D9F28BE3AACF8EACBBE46A92597701C2A0D9ABFD9CEBEA67CBDAE5B6",
        "type": "BUY",
        "value": 1035.299828,
        "wallet": "terra1ydeh9exz82qrzw82ycjr6n462u5ldt8m8qt4rh"
      },
      {
        "amount": 125.757232,
        "baseAmount": 974.958918,
        "baseSymbol": "CWLUNC",
        "executionType": "direct",
        "pairId": "astro-cwlunc",
        "price": 7.752706564024883,
        "sourceContract": "terra1nujm9zqa4hpaz9s8wrhrp86h3m9xwprjt9kmf9",
        "sourcePairId": "astro-cwlunc-ref-1",
        "sourceType": "reference",
        "timestamp": "2026-06-12T20:58:37Z",
        "tokenAmount": 125.757232,
        "tokenSymbol": "ASTRO",
        "txhash": "292C5CD62C1AE98B327A1372581245F97D8860D9711A791BD16645F8B4FE9718",
        "type": "BUY",
        "value": 974.958918,
        "wallet": "terra1ydeh9exz82qrzw82ycjr6n462u5ldt8m8qt4rh"
      },
      {
        "amount": 118.777519,
        "baseAmount": 919.138905,
        "baseSymbol": "CWLUNC",
        "executionType": "direct",
        "pairId": "astro-cwlunc",
        "price": 7.738323823719537,
        "sourceContract": "terra1nujm9zqa4hpaz9s8wrhrp86h3m9xwprjt9kmf9",
        "sourcePairId": "astro-cwlunc-ref-1",
        "sourceType": "reference",
        "timestamp": "2026-06-12T20:58:02Z",
        "tokenAmount": 118.777519,
        "tokenSymbol": "ASTRO",
        "txhash": "87BA451CE0BDCE604E35710BA45C65695A0E808D1D90B17524AA659DC04E94DC",
        "type": "BUY",
        "value": 919.138905,
        "wallet": "terra1ydeh9exz82qrzw82ycjr6n462u5ldt8m8qt4rh"
      },
      {
        "amount": 111.487726,
        "baseAmount": 861.222265,
        "baseSymbol": "CWLUNC",
        "executionType": "direct",
        "pairId": "astro-cwlunc",
        "price": 7.7248168556240895,
        "sourceContract": "terra1nujm9zqa4hpaz9s8wrhrp86h3m9xwprjt9kmf9",
        "sourcePairId": "astro-cwlunc-ref-1",
        "sourceType": "reference",
        "timestamp": "2026-06-12T20:57:26Z",
        "tokenAmount": 111.487726,
        "tokenSymbol": "ASTRO",
        "txhash": "320B842C0145E114B5034EEA8F04A5F3E0E7B50C329E384BF0DAFA687EE47C32",
        "type": "BUY",
        "value": 861.222265,
        "wallet": "terra1ydeh9exz82qrzw82ycjr6n462u5ldt8m8qt4rh"
      },
      {
        "amount": 103.739149,
        "baseAmount": 800.059537,
        "baseSymbol": "CWLUNC",
        "executionType": "direct",
        "pairId": "astro-cwlunc",
        "price": 7.712223829790622,
        "sourceContract": "terra1nujm9zqa4hpaz9s8wrhrp86h3m9xwprjt9kmf9",
        "sourcePairId": "astro-cwlunc-ref-1",
        "sourceType": "reference",
        "timestamp": "2026-06-12T20:56:50Z",
        "tokenAmount": 103.739149,
        "tokenSymbol": "ASTRO",
        "txhash": "CE2A60C89F3FCF1AE67A1BA1C7D5EF11E4E429F5C45D7AB86031D8BB37C0F049",
        "type": "BUY",
        "value": 800.059537,
        "wallet": "terra1ydeh9exz82qrzw82ycjr6n462u5ldt8m8qt4rh"
      },
      {
        "amount": 1431.472795,
        "baseAmount": 11084.769121,
        "baseSymbol": "CWLUNC",
        "executionType": "direct",
        "pairId": "astro-cwlunc",
        "price": 7.743611446698853,
        "sourceContract": "terra1nujm9zqa4hpaz9s8wrhrp86h3m9xwprjt9kmf9",
        "sourcePairId": "astro-cwlunc-ref-1",
        "sourceType": "reference",
        "timestamp": "2026-06-12T20:40:49Z",
        "tokenAmount": 1431.472795,
        "tokenSymbol": "ASTRO",
        "txhash": "ECEB42A335CF9795CA88B0260FA055A13CEE4DAC342105B88AF8E830F7C654D8",
        "type": "SELL",
        "value": 11084.769121,
        "wallet": "terra1ydeh9exz82qrzw82ycjr6n462u5ldt8m8qt4rh"
      },
      {
        "amount": 134.056396,
        "baseAmount": 1054.679459,
        "baseSymbol": "CWLUNC",
        "executionType": "direct",
        "pairId": "astro-cwlunc",
        "price": 7.8674310996694246,
        "sourceContract": "terra1nujm9zqa4hpaz9s8wrhrp86h3m9xwprjt9kmf9",
        "sourcePairId": "astro-cwlunc-ref-1",
        "sourceType": "reference",
        "timestamp": "2026-06-12T18:40:23Z",
        "tokenAmount": 134.056396,
        "tokenSymbol": "ASTRO",
        "txhash": "92DC5BE3CD72483125DAE1F3548B49C48D47F6915DE126DF1FFC911D126F9A94",
        "type": "BUY",
        "value": 1054.679459,
        "wallet": "terra1ydeh9exz82qrzw82ycjr6n462u5ldt8m8qt4rh"
      },
      {
        "amount": 126.996515,
        "baseAmount": 997.143124,
        "baseSymbol": "CWLUNC",
        "executionType": "direct",
        "pairId": "astro-cwlunc",
        "price": 7.851736120475431,
        "sourceContract": "terra1nujm9zqa4hpaz9s8wrhrp86h3m9xwprjt9kmf9",
        "sourcePairId": "astro-cwlunc-ref-1",
        "sourceType": "reference",
        "timestamp": "2026-06-12T18:39:48Z",
        "tokenAmount": 126.996515,
        "tokenSymbol": "ASTRO",
        "txhash": "140CF9FDAB2B38AA3DAF22ADD973BBEB141AEE97E4A94E366148B375CFE64BB9",
        "type": "BUY",
        "value": 997.143124,
        "wallet": "terra1ydeh9exz82qrzw82ycjr6n462u5ldt8m8qt4rh"
      },
      {
        "amount": 119.52557,
        "baseAmount": 936.716851,
        "baseSymbol": "CWLUNC",
        "executionType": "direct",
        "pairId": "astro-cwlunc",
        "price": 7.836957824171012,
        "sourceContract": "terra1nujm9zqa4hpaz9s8wrhrp86h3m9xwprjt9kmf9",
        "sourcePairId": "astro-cwlunc-ref-1",
        "sourceType": "reference",
        "timestamp": "2026-06-12T18:39:12Z",
        "tokenAmount": 119.52557,
        "tokenSymbol": "ASTRO",
        "txhash": "1ED0400DF79C20CE9C594E29C9FE2EBB1D53FDA12178793082C72F926BC792E2",
        "type": "BUY",
        "value": 936.716851,
        "wallet": "terra1ydeh9exz82qrzw82ycjr6n462u5ldt8m8qt4rh"
      },
      {
        "amount": 112.57681,
        "baseAmount": 880.697616,
        "baseSymbol": "CWLUNC",
        "executionType": "direct",
        "pairId": "astro-cwlunc",
        "price": 7.823082000635833,
        "sourceContract": "terra1nujm9zqa4hpaz9s8wrhrp86h3m9xwprjt9kmf9",
        "sourcePairId": "astro-cwlunc-ref-1",
        "sourceType": "reference",
        "timestamp": "2026-06-12T18:38:37Z",
        "tokenAmount": 112.57681,
        "tokenSymbol": "ASTRO",
        "txhash": "AF83F2DA3D1FF7BAB58F7D23AA896F3B3BB3A7E723F9B5E0AB253FFB7CDA2542",
        "type": "BUY",
        "value": 880.697616,
        "wallet": "terra1ydeh9exz82qrzw82ycjr6n462u5ldt8m8qt4rh"
      },
      {
        "amount": 105.338151,
        "baseAmount": 822.700214,
        "baseSymbol": "CWLUNC",
        "executionType": "direct",
        "pairId": "astro-cwlunc",
        "price": 7.810087856962669,
        "sourceContract": "terra1nujm9zqa4hpaz9s8wrhrp86h3m9xwprjt9kmf9",
        "sourcePairId": "astro-cwlunc-ref-1",
        "sourceType": "reference",
        "timestamp": "2026-06-12T18:38:02Z",
        "tokenAmount": 105.338151,
        "tokenSymbol": "ASTRO",
        "txhash": "4E4CAB21563E8D46B49DE92AD403567F6BD4F81D3742ED0512463BFDE2EF317F",
        "type": "BUY",
        "value": 822.700214,
        "wallet": "terra1ydeh9exz82qrzw82ycjr6n462u5ldt8m8qt4rh"
      },
      {
        "amount": 1415.908291,
        "baseAmount": 11102.624346,
        "baseSymbol": "CWLUNC",
        "executionType": "direct",
        "pairId": "astro-cwlunc",
        "price": 7.841344256949478,
        "sourceContract": "terra1nujm9zqa4hpaz9s8wrhrp86h3m9xwprjt9kmf9",
        "sourcePairId": "astro-cwlunc-ref-1",
        "sourceType": "reference",
        "timestamp": "2026-06-11T20:07:53Z",
        "tokenAmount": 1415.908291,
        "tokenSymbol": "ASTRO",
        "txhash": "78EEB458CAC1472DAC6614C0D0B8D97E05E37753EEA505DCBEAD6C61BAD40432",
        "type": "SELL",
        "value": 11102.624346,
        "wallet": "terra1ydeh9exz82qrzw82ycjr6n462u5ldt8m8qt4rh"
      },
      {
        "amount": 1397.755766,
        "baseAmount": 11199.752325,
        "baseSymbol": "CWLUNC",
        "executionType": "direct",
        "pairId": "astro-cwlunc",
        "price": 8.012667590025881,
        "sourceContract": "terra1nujm9zqa4hpaz9s8wrhrp86h3m9xwprjt9kmf9",
        "sourcePairId": "astro-cwlunc-ref-1",
        "sourceType": "reference",
        "timestamp": "2026-06-08T08:27:24Z",
        "tokenAmount": 1397.755766,
        "tokenSymbol": "ASTRO",
        "txhash": "427A5E5A50EC44456258CB6D0CF002020A75D821DBA997C522382D7CA8F009C3",
        "type": "SELL",
        "value": 11199.752325,
        "wallet": "terra1ydeh9exz82qrzw82ycjr6n462u5ldt8m8qt4rh"
      },
      {
        "amount": 1356.384861,
        "baseAmount": 11103.174016,
        "baseSymbol": "CWLUNC",
        "executionType": "direct",
        "pairId": "astro-cwlunc",
        "price": 8.18585811095985,
        "sourceContract": "terra1nujm9zqa4hpaz9s8wrhrp86h3m9xwprjt9kmf9",
        "sourcePairId": "astro-cwlunc-ref-1",
        "sourceType": "reference",
        "timestamp": "2026-06-08T04:14:42Z",
        "tokenAmount": 1356.384861,
        "tokenSymbol": "ASTRO",
        "txhash": "768935C5F46F53DE059BF898EF4C9CE45A3B311D8299D5620333157C4C2CEB3F",
        "type": "SELL",
        "value": 11103.174016,
        "wallet": "terra1ydeh9exz82qrzw82ycjr6n462u5ldt8m8qt4rh"
      },
      {
        "amount": 150.106272,
        "baseAmount": 1243.304998,
        "baseSymbol": "CWLUNC",
        "executionType": "direct",
        "pairId": "astro-cwlunc",
        "price": 8.28283176601708,
        "sourceContract": "terra1nujm9zqa4hpaz9s8wrhrp86h3m9xwprjt9kmf9",
        "sourcePairId": "astro-cwlunc-ref-1",
        "sourceType": "reference",
        "timestamp": "2026-06-07T11:40:02Z",
        "tokenAmount": 150.106272,
        "tokenSymbol": "ASTRO",
        "txhash": "BD34AEBFA71BAE1056B2D73BA9E4E538E9BDFD536C57395FD11892FA8DC0DCE8",
        "type": "SELL",
        "value": 1243.304998,
        "wallet": "terra1ydeh9exz82qrzw82ycjr6n462u5ldt8m8qt4rh"
      },
      {
        "amount": 1357.632057,
        "baseAmount": 11206.386541,
        "baseSymbol": "CWLUNC",
        "executionType": "direct",
        "pairId": "astro-cwlunc",
        "price": 8.254362058717946,
        "sourceContract": "terra1nujm9zqa4hpaz9s8wrhrp86h3m9xwprjt9kmf9",
        "sourcePairId": "astro-cwlunc-ref-1",
        "sourceType": "reference",
        "timestamp": "2026-06-05T13:36:37Z",
        "tokenAmount": 1357.632057,
        "tokenSymbol": "ASTRO",
        "txhash": "5169C6D4106350A568999DDC2173A2E4404D045508F12E785ACE0E930B12F8F6",
        "type": "BUY",
        "value": 11206.386541,
        "wallet": "terra1ydeh9exz82qrzw82ycjr6n462u5ldt8m8qt4rh"
      },
      {
        "amount": 1375.737372,
        "baseAmount": 11116.365837,
        "baseSymbol": "CWLUNC",
        "executionType": "direct",
        "pairId": "astro-cwlunc",
        "price": 8.080296474638475,
        "sourceContract": "terra1nujm9zqa4hpaz9s8wrhrp86h3m9xwprjt9kmf9",
        "sourcePairId": "astro-cwlunc-ref-1",
        "sourceType": "reference",
        "timestamp": "2026-06-05T12:49:57Z",
        "tokenAmount": 1375.737372,
        "tokenSymbol": "ASTRO",
        "txhash": "5200345170ABA0D60BA7AD1981C61A94F53FA57B466C9C4ECDD877226431F6BB",
        "type": "BUY",
        "value": 11116.365837,
        "wallet": "terra1ydeh9exz82qrzw82ycjr6n462u5ldt8m8qt4rh"
      },
      {
        "amount": 1371.528587,
        "baseAmount": 10849.922995,
        "baseSymbol": "CWLUNC",
        "executionType": "direct",
        "pairId": "astro-cwlunc",
        "price": 7.910825263024576,
        "sourceContract": "terra1nujm9zqa4hpaz9s8wrhrp86h3m9xwprjt9kmf9",
        "sourcePairId": "astro-cwlunc-ref-1",
        "sourceType": "reference",
        "timestamp": "2026-06-05T11:11:15Z",
        "tokenAmount": 1371.528587,
        "tokenSymbol": "ASTRO",
        "txhash": "00157FB6127E6CAACF7D5A412079976D63D1F4316C987C4BE489F9909D449D19",
        "type": "BUY",
        "value": 10849.922995,
        "wallet": "terra1ydeh9exz82qrzw82ycjr6n462u5ldt8m8qt4rh"
      },
      {
        "amount": 1420.562563,
        "baseAmount": 11000.853232,
        "baseSymbol": "CWLUNC",
        "executionType": "direct",
        "pairId": "astro-cwlunc",
        "price": 7.7440117869697795,
        "sourceContract": "terra1nujm9zqa4hpaz9s8wrhrp86h3m9xwprjt9kmf9",
        "sourcePairId": "astro-cwlunc-ref-1",
        "sourceType": "reference",
        "timestamp": "2026-06-05T10:56:09Z",
        "tokenAmount": 1420.562563,
        "tokenSymbol": "ASTRO",
        "txhash": "65F0F1E94B584A3E10AF40B9F5528C94F4D363A28F2B3B4EA3C5B3FBB9BFE4C7",
        "type": "BUY",
        "value": 11000.853232,
        "wallet": "terra1ydeh9exz82qrzw82ycjr6n462u5ldt8m8qt4rh"
      },
      {
        "amount": 1447.130252,
        "baseAmount": 10966.50405,
        "baseSymbol": "CWLUNC",
        "executionType": "direct",
        "pairId": "astro-cwlunc",
        "price": 7.578104344680647,
        "sourceContract": "terra1nujm9zqa4hpaz9s8wrhrp86h3m9xwprjt9kmf9",
        "sourcePairId": "astro-cwlunc-ref-1",
        "sourceType": "reference",
        "timestamp": "2026-06-05T05:53:52Z",
        "tokenAmount": 1447.130252,
        "tokenSymbol": "ASTRO",
        "txhash": "BF15DD077724043E0E5589704419439EF643268698BDEB5A0BC73A28FC3AB6EB",
        "type": "BUY",
        "value": 10966.50405,
        "wallet": "terra1ydeh9exz82qrzw82ycjr6n462u5ldt8m8qt4rh"
      },
      {
        "amount": 178.070745,
        "baseAmount": 1328.598292,
        "baseSymbol": "CWLUNC",
        "executionType": "direct",
        "pairId": "astro-cwlunc",
        "price": 7.461069992153961,
        "sourceContract": "terra1nujm9zqa4hpaz9s8wrhrp86h3m9xwprjt9kmf9",
        "sourcePairId": "astro-cwlunc-ref-1",
        "sourceType": "reference",
        "timestamp": "2026-06-04T12:54:00Z",
        "tokenAmount": 178.070745,
        "tokenSymbol": "ASTRO",
        "txhash": "B0E01513FD531F2A823F53C7C94E94D23AE06981D3E36E79086B3F5936F07352",
        "type": "SELL",
        "value": 1328.598292,
        "wallet": "terra1ydeh9exz82qrzw82ycjr6n462u5ldt8m8qt4rh"
      },
      {
        "amount": 210.461801,
        "baseAmount": 1574.827349,
        "baseSymbol": "CWLUNC",
        "executionType": "direct",
        "pairId": "astro-cwlunc",
        "price": 7.482722952655907,
        "sourceContract": "terra1nujm9zqa4hpaz9s8wrhrp86h3m9xwprjt9kmf9",
        "sourcePairId": "astro-cwlunc-ref-1",
        "sourceType": "reference",
        "timestamp": "2026-06-04T12:53:25Z",
        "tokenAmount": 210.461801,
        "tokenSymbol": "ASTRO",
        "txhash": "3BB652313FCEC48EA24FF95C87B723D2BE1ED1F69765D523AAA0516BE19FF1C2",
        "type": "SELL",
        "value": 1574.827349,
        "wallet": "terra1ydeh9exz82qrzw82ycjr6n462u5ldt8m8qt4rh"
      },
      {
        "amount": 1462.192317,
        "baseAmount": 10905.093975,
        "baseSymbol": "CWLUNC",
        "executionType": "direct",
        "pairId": "astro-cwlunc",
        "price": 7.458043547495948,
        "sourceContract": "terra1nujm9zqa4hpaz9s8wrhrp86h3m9xwprjt9kmf9",
        "sourcePairId": "astro-cwlunc-ref-1",
        "sourceType": "reference",
        "timestamp": "2026-06-03T02:36:32Z",
        "tokenAmount": 1462.192317,
        "tokenSymbol": "ASTRO",
        "txhash": "4D4DC32FB34965BA43594DF0021D33CD971680FFB2278DA05DB3F7AF3ABF4D5B",
        "type": "BUY",
        "value": 10905.093975,
        "wallet": "terra1ydeh9exz82qrzw82ycjr6n462u5ldt8m8qt4rh"
      },
      {
        "amount": 1482.159654,
        "baseAmount": 10815.411194,
        "baseSymbol": "CWLUNC",
        "executionType": "direct",
        "pairId": "astro-cwlunc",
        "price": 7.297062205688673,
        "sourceContract": "terra1nujm9zqa4hpaz9s8wrhrp86h3m9xwprjt9kmf9",
        "sourcePairId": "astro-cwlunc-ref-1",
        "sourceType": "reference",
        "timestamp": "2026-05-31T14:57:51Z",
        "tokenAmount": 1482.159654,
        "tokenSymbol": "ASTRO",
        "txhash": "65CB3311F63DDF90FDC467019BD4387BA841AD6AE11AC44931C46958BE2E86BF",
        "type": "BUY",
        "value": 10815.411194,
        "wallet": "terra1ydeh9exz82qrzw82ycjr6n462u5ldt8m8qt4rh"
      },
      {
        "amount": 1510.179499,
        "baseAmount": 10780.778884,
        "baseSymbol": "CWLUNC",
        "executionType": "direct",
        "pairId": "astro-cwlunc",
        "price": 7.138740057813484,
        "sourceContract": "terra1nujm9zqa4hpaz9s8wrhrp86h3m9xwprjt9kmf9",
        "sourcePairId": "astro-cwlunc-ref-1",
        "sourceType": "reference",
        "timestamp": "2026-05-31T08:08:55Z",
        "tokenAmount": 1510.179499,
        "tokenSymbol": "ASTRO",
        "txhash": "FC2CD39E07BC67E0DFFE815EACC94B820253DF84153884F13C4C48A38EAA7D48",
        "type": "BUY",
        "value": 10780.778884,
        "wallet": "terra1ydeh9exz82qrzw82ycjr6n462u5ldt8m8qt4rh"
      },
      {
        "amount": 1538.852404,
        "baseAmount": 10745.280509,
        "baseSymbol": "CWLUNC",
        "executionType": "direct",
        "pairId": "astro-cwlunc",
        "price": 6.982658298527765,
        "sourceContract": "terra1nujm9zqa4hpaz9s8wrhrp86h3m9xwprjt9kmf9",
        "sourcePairId": "astro-cwlunc-ref-1",
        "sourceType": "reference",
        "timestamp": "2026-05-30T23:36:01Z",
        "tokenAmount": 1538.852404,
        "tokenSymbol": "ASTRO",
        "txhash": "824471DFDCD2AB9363DB1AF8AF5DF40BC790C89C25CBFEE6A78AB1589EABC8DA",
        "type": "BUY",
        "value": 10745.280509,
        "wallet": "terra1ydeh9exz82qrzw82ycjr6n462u5ldt8m8qt4rh"
      },
      {
        "amount": 1560.255456,
        "baseAmount": 10655.29131,
        "baseSymbol": "CWLUNC",
        "executionType": "direct",
        "pairId": "astro-cwlunc",
        "price": 6.829196635092555,
        "sourceContract": "terra1nujm9zqa4hpaz9s8wrhrp86h3m9xwprjt9kmf9",
        "sourcePairId": "astro-cwlunc-ref-1",
        "sourceType": "reference",
        "timestamp": "2026-05-29T11:26:49Z",
        "tokenAmount": 1560.255456,
        "tokenSymbol": "ASTRO",
        "txhash": "78F4B572DEBF5F5BAC3240A7D1CEFE6265C28A9167DC113E1E5779B6899AF34B",
        "type": "BUY",
        "value": 10655.29131,
        "wallet": "terra1ydeh9exz82qrzw82ycjr6n462u5ldt8m8qt4rh"
      },
      {
        "amount": 1590.664419,
        "baseAmount": 10622.933139,
        "baseSymbol": "CWLUNC",
        "executionType": "direct",
        "pairId": "astro-cwlunc",
        "price": 6.678299339642173,
        "sourceContract": "terra1nujm9zqa4hpaz9s8wrhrp86h3m9xwprjt9kmf9",
        "sourcePairId": "astro-cwlunc-ref-1",
        "sourceType": "reference",
        "timestamp": "2026-05-29T11:15:16Z",
        "tokenAmount": 1590.664419,
        "tokenSymbol": "ASTRO",
        "txhash": "D34E5BA493BCAA31C973AC21313374C8F81D442915EDCBDF6F585A17CD6E7D20",
        "type": "BUY",
        "value": 10622.933139,
        "wallet": "terra1ydeh9exz82qrzw82ycjr6n462u5ldt8m8qt4rh"
      },
      {
        "amount": 1609.505389,
        "baseAmount": 10685.182393,
        "baseSymbol": "CWLUNC",
        "executionType": "direct",
        "pairId": "astro-cwlunc",
        "price": 6.6387987676380495,
        "sourceContract": "terra1nujm9zqa4hpaz9s8wrhrp86h3m9xwprjt9kmf9",
        "sourcePairId": "astro-cwlunc-ref-1",
        "sourceType": "reference",
        "timestamp": "2026-05-27T21:01:57Z",
        "tokenAmount": 1609.505389,
        "tokenSymbol": "ASTRO",
        "txhash": "389F4E7220E6F23EFC3748FD8CF751687361D0F88411E3C6F875D976EC5FAF8C",
        "type": "SELL",
        "value": 10685.182393,
        "wallet": "terra1ydeh9exz82qrzw82ycjr6n462u5ldt8m8qt4rh"
      },
      {
        "amount": 1587.033755,
        "baseAmount": 10776.848884,
        "baseSymbol": "CWLUNC",
        "executionType": "direct",
        "pairId": "astro-cwlunc",
        "price": 6.790560597748597,
        "sourceContract": "terra1nujm9zqa4hpaz9s8wrhrp86h3m9xwprjt9kmf9",
        "sourcePairId": "astro-cwlunc-ref-1",
        "sourceType": "reference",
        "timestamp": "2026-05-26T22:28:38Z",
        "tokenAmount": 1587.033755,
        "tokenSymbol": "ASTRO",
        "txhash": "1B5574A11B964342BCE8FA85323B7B2EAB92DAACDCD549B01DC990EF61E3C475",
        "type": "SELL",
        "value": 10776.848884,
        "wallet": "terra1ydeh9exz82qrzw82ycjr6n462u5ldt8m8qt4rh"
      },
      {
        "amount": 72.330953,
        "baseAmount": 497.00476,
        "baseSymbol": "CWLUNC",
        "executionType": "direct",
        "pairId": "astro-cwlunc",
        "price": 6.871259666660275,
        "sourceContract": "terra1nujm9zqa4hpaz9s8wrhrp86h3m9xwprjt9kmf9",
        "sourcePairId": "astro-cwlunc-ref-1",
        "sourceType": "reference",
        "timestamp": "2026-05-21T20:10:18Z",
        "tokenAmount": 72.330953,
        "tokenSymbol": "ASTRO",
        "txhash": "DC480732FAD08809BABD2762E77543A2DB77B83B631D13B6CBA334F1F517DC7F",
        "type": "SELL",
        "value": 497.00476,
        "wallet": "terra1w8jq62aktlmn8z0fks36llquvfs040clr755hz"
      },
      {
        "amount": 72.330953,
        "baseAmount": 500.0,
        "baseSymbol": "CWLUNC",
        "executionType": "direct",
        "pairId": "astro-cwlunc",
        "price": 6.912669877306885,
        "sourceContract": "terra1nujm9zqa4hpaz9s8wrhrp86h3m9xwprjt9kmf9",
        "sourcePairId": "astro-cwlunc-ref-1",
        "sourceType": "reference",
        "timestamp": "2026-05-21T20:10:12Z",
        "tokenAmount": 72.330953,
        "tokenSymbol": "ASTRO",
        "txhash": "2546D84B7B761834C004C52A35EA0B98BF67F9984A44773B74EBE2AB55AA0493",
        "type": "BUY",
        "value": 500.0,
        "wallet": "terra1w8jq62aktlmn8z0fks36llquvfs040clr755hz"
      },
      {
        "amount": 72.331178,
        "baseAmount": 497.004759,
        "baseSymbol": "CWLUNC",
        "executionType": "direct",
        "pairId": "astro-cwlunc",
        "price": 6.871238278464095,
        "sourceContract": "terra1nujm9zqa4hpaz9s8wrhrp86h3m9xwprjt9kmf9",
        "sourcePairId": "astro-cwlunc-ref-1",
        "sourceType": "reference",
        "timestamp": "2026-05-21T20:10:06Z",
        "tokenAmount": 72.331178,
        "tokenSymbol": "ASTRO",
        "txhash": "D21E35D910E21B14608D82EA46A22F939E13AD65FB05B3CA04C6B9FF51FD54DB",
        "type": "SELL",
        "value": 497.004759,
        "wallet": "terra1w8jq62aktlmn8z0fks36llquvfs040clr755hz"
      },
      {
        "amount": 72.331178,
        "baseAmount": 500.0,
        "baseSymbol": "CWLUNC",
        "executionType": "direct",
        "pairId": "astro-cwlunc",
        "price": 6.9126483741216,
        "sourceContract": "terra1nujm9zqa4hpaz9s8wrhrp86h3m9xwprjt9kmf9",
        "sourcePairId": "astro-cwlunc-ref-1",
        "sourceType": "reference",
        "timestamp": "2026-05-21T20:10:00Z",
        "tokenAmount": 72.331178,
        "tokenSymbol": "ASTRO",
        "txhash": "D1BBD7F2F8BACFEAD8A935D08E7C69222A1E0801DC16006232CFA8F823C262F4",
        "type": "BUY",
        "value": 500.0,
        "wallet": "terra1w8jq62aktlmn8z0fks36llquvfs040clr755hz"
      },
      {
        "amount": 72.331403,
        "baseAmount": 497.004757,
        "baseSymbol": "CWLUNC",
        "executionType": "direct",
        "pairId": "astro-cwlunc",
        "price": 6.871216876575725,
        "sourceContract": "terra1nujm9zqa4hpaz9s8wrhrp86h3m9xwprjt9kmf9",
        "sourcePairId": "astro-cwlunc-ref-1",
        "sourceType": "reference",
        "timestamp": "2026-05-21T20:09:48Z",
        "tokenAmount": 72.331403,
        "tokenSymbol": "ASTRO",
        "txhash": "02E7BBB68907168B1FAD25A52EA82703F2A7905D6D13CD5494485A2A6CC0E153",
        "type": "SELL",
        "value": 497.004757,
        "wallet": "terra1w8jq62aktlmn8z0fks36llquvfs040clr755hz"
      },
      {
        "amount": 72.331403,
        "baseAmount": 500.0,
        "baseSymbol": "CWLUNC",
        "executionType": "direct",
        "pairId": "astro-cwlunc",
        "price": 6.912626871070095,
        "sourceContract": "terra1nujm9zqa4hpaz9s8wrhrp86h3m9xwprjt9kmf9",
        "sourcePairId": "astro-cwlunc-ref-1",
        "sourceType": "reference",
        "timestamp": "2026-05-21T20:09:42Z",
        "tokenAmount": 72.331403,
        "tokenSymbol": "ASTRO",
        "txhash": "4EB7CBC5F7979866B8F26CED597C90290F9FC280714961D9E346BEBE3533263A",
        "type": "BUY",
        "value": 500.0,
        "wallet": "terra1w8jq62aktlmn8z0fks36llquvfs040clr755hz"
      },
      {
        "amount": 72.331629,
        "baseAmount": 497.004763,
        "baseSymbol": "CWLUNC",
        "executionType": "direct",
        "pairId": "astro-cwlunc",
        "price": 6.871195490426463,
        "sourceContract": "terra1nujm9zqa4hpaz9s8wrhrp86h3m9xwprjt9kmf9",
        "sourcePairId": "astro-cwlunc-ref-1",
        "sourceType": "reference",
        "timestamp": "2026-05-21T20:09:36Z",
        "tokenAmount": 72.331629,
        "tokenSymbol": "ASTRO",
        "txhash": "56A1DDEA5C9D92495DED9820474B853D308815464CEC040FBC3F9A06FEFF64B0",
        "type": "SELL",
        "value": 497.004763,
        "wallet": "terra1w8jq62aktlmn8z0fks36llquvfs040clr755hz"
      },
      {
        "amount": 72.331629,
        "baseAmount": 500.0,
        "baseSymbol": "CWLUNC",
        "executionType": "direct",
        "pairId": "astro-cwlunc",
        "price": 6.912605272584141,
        "sourceContract": "terra1nujm9zqa4hpaz9s8wrhrp86h3m9xwprjt9kmf9",
        "sourcePairId": "astro-cwlunc-ref-1",
        "sourceType": "reference",
        "timestamp": "2026-05-21T20:09:31Z",
        "tokenAmount": 72.331629,
        "tokenSymbol": "ASTRO",
        "txhash": "A979C7DAFE0EC8C90B5334B13146350CCC5C927BF45654272E853D8B900F9F72",
        "type": "BUY",
        "value": 500.0,
        "wallet": "terra1w8jq62aktlmn8z0fks36llquvfs040clr755hz"
      },
      {
        "amount": 72.331853,
        "baseAmount": 497.004755,
        "baseSymbol": "CWLUNC",
        "executionType": "direct",
        "pairId": "astro-cwlunc",
        "price": 6.871174100848765,
        "sourceContract": "terra1nujm9zqa4hpaz9s8wrhrp86h3m9xwprjt9kmf9",
        "sourcePairId": "astro-cwlunc-ref-1",
        "sourceType": "reference",
        "timestamp": "2026-05-21T20:09:13Z",
        "tokenAmount": 72.331853,
        "tokenSymbol": "ASTRO",
        "txhash": "76DDBD0080820E1988AB8B92D9D4747A575916F2A5B730A75CDC6986A0A38425",
        "type": "SELL",
        "value": 497.004755,
        "wallet": "terra1w8jq62aktlmn8z0fks36llquvfs040clr755hz"
      },
      {
        "amount": 72.331853,
        "baseAmount": 500.0,
        "baseSymbol": "CWLUNC",
        "executionType": "direct",
        "pairId": "astro-cwlunc",
        "price": 6.912583865368416,
        "sourceContract": "terra1nujm9zqa4hpaz9s8wrhrp86h3m9xwprjt9kmf9",
        "sourcePairId": "astro-cwlunc-ref-1",
        "sourceType": "reference",
        "timestamp": "2026-05-21T20:09:02Z",
        "tokenAmount": 72.331853,
        "tokenSymbol": "ASTRO",
        "txhash": "83F34A996FD0068534C43F46ACCD4C85B92D077E3C3DF99919BE4A3CB992F8E3",
        "type": "BUY",
        "value": 500.0,
        "wallet": "terra1w8jq62aktlmn8z0fks36llquvfs040clr755hz"
      },
      {
        "amount": 72.332078,
        "baseAmount": 497.004754,
        "baseSymbol": "CWLUNC",
        "executionType": "direct",
        "pairId": "astro-cwlunc",
        "price": 6.871152713184875,
        "sourceContract": "terra1nujm9zqa4hpaz9s8wrhrp86h3m9xwprjt9kmf9",
        "sourcePairId": "astro-cwlunc-ref-1",
        "sourceType": "reference",
        "timestamp": "2026-05-21T20:08:50Z",
        "tokenAmount": 72.332078,
        "tokenSymbol": "ASTRO",
        "txhash": "81A66CA06AE85F8018454672266C18982A527D105233E9B32DFA01B542B8ACCA",
        "type": "SELL",
        "value": 497.004754,
        "wallet": "terra1w8jq62aktlmn8z0fks36llquvfs040clr755hz"
      },
      {
        "amount": 72.332078,
        "baseAmount": 500.0,
        "baseSymbol": "CWLUNC",
        "executionType": "direct",
        "pairId": "astro-cwlunc",
        "price": 6.91256236271824,
        "sourceContract": "terra1nujm9zqa4hpaz9s8wrhrp86h3m9xwprjt9kmf9",
        "sourcePairId": "astro-cwlunc-ref-1",
        "sourceType": "reference",
        "timestamp": "2026-05-21T20:08:44Z",
        "tokenAmount": 72.332078,
        "tokenSymbol": "ASTRO",
        "txhash": "0B87DAF01E23F647BEA03B3130AAF1228DF86C75E96DBD092E4E610E0356F0AE",
        "type": "BUY",
        "value": 500.0,
        "wallet": "terra1w8jq62aktlmn8z0fks36llquvfs040clr755hz"
      },
      {
        "amount": 72.332304,
        "baseAmount": 497.00476,
        "baseSymbol": "CWLUNC",
        "executionType": "direct",
        "pairId": "astro-cwlunc",
        "price": 6.8711313274356645,
        "sourceContract": "terra1nujm9zqa4hpaz9s8wrhrp86h3m9xwprjt9kmf9",
        "sourcePairId": "astro-cwlunc-ref-1",
        "sourceType": "reference",
        "timestamp": "2026-05-21T20:08:32Z",
        "tokenAmount": 72.332304,
        "tokenSymbol": "ASTRO",
        "txhash": "1ACE382E0CFDF13742BFF0D7A06E1A459AC6505BF0B44869B2DEE74EB8F4A8E5",
        "type": "SELL",
        "value": 497.00476,
        "wallet": "terra1w8jq62aktlmn8z0fks36llquvfs040clr755hz"
      },
      {
        "amount": 72.332304,
        "baseAmount": 500.0,
        "baseSymbol": "CWLUNC",
        "executionType": "direct",
        "pairId": "astro-cwlunc",
        "price": 6.912540764635398,
        "sourceContract": "terra1nujm9zqa4hpaz9s8wrhrp86h3m9xwprjt9kmf9",
        "sourcePairId": "astro-cwlunc-ref-1",
        "sourceType": "reference",
        "timestamp": "2026-05-21T20:08:27Z",
        "tokenAmount": 72.332304,
        "tokenSymbol": "ASTRO",
        "txhash": "83154C34E45C2BE27D756F0ED27917F861B2C14F955A6E089005311FD141ADEE",
        "type": "BUY",
        "value": 500.0,
        "wallet": "terra1w8jq62aktlmn8z0fks36llquvfs040clr755hz"
      }
    ],
    "astro-cwustc": [
      {
        "amount": 15.0,
        "baseAmount": 158.615229,
        "baseSymbol": "CWUSTC",
        "executionType": "routed",
        "pairId": "astro-cwustc",
        "price": 10.5743486,
        "sourceContract": "terra1nynrxdccq0r9ghrz0sq7tjkkh8wug0ggg4lkzsags8r9dyhf7ypqx5gsr8",
        "sourcePairId": "astro-cwustc",
        "sourceType": "routed",
        "timestamp": "2026-04-13T19:56:36Z",
        "tokenAmount": 15.0,
        "tokenSymbol": "ASTRO",
        "txhash": "9B15978F01A8088EFF0D62DEE8AD8E611BDE4E0D9FF0900DB57DFDF0D369BEB6",
        "type": "SWAP",
        "value": 158.615229,
        "wallet": ""
      }
    ],
    "astro-lunc": [
      {
        "amount": 500.0,
        "baseAmount": 171.872827,
        "baseSymbol": "LUNC",
        "executionType": "routed",
        "pairId": "astro-lunc",
        "price": 0.343745654,
        "sourceContract": "terra1nynrxdccq0r9ghrz0sq7tjkkh8wug0ggg4lkzsags8r9dyhf7ypqx5gsr8",
        "sourcePairId": "astro-lunc",
        "sourceType": "routed",
        "timestamp": "2026-05-21T18:54:07Z",
        "tokenAmount": 500.0,
        "tokenSymbol": "ASTRO",
        "txhash": "82BDDDB23C2A220F3F0C2A2AC8604841A74731C5CFDBE03DC51C5F314E1800CC",
        "type": "SWAP",
        "value": 171.872827,
        "wallet": ""
      },
      {
        "amount": 171.872827,
        "baseAmount": 1184.202585,
        "baseSymbol": "LUNC",
        "executionType": "routed",
        "pairId": "astro-lunc",
        "price": 6.889993058646787,
        "sourceContract": "terra1nynrxdccq0r9ghrz0sq7tjkkh8wug0ggg4lkzsags8r9dyhf7ypqx5gsr8",
        "sourcePairId": "astro-lunc",
        "sourceType": "routed",
        "timestamp": "2026-05-21T18:53:55Z",
        "tokenAmount": 171.872827,
        "tokenSymbol": "ASTRO",
        "txhash": "27500B76A23E3A66A6547FC99FB2AE365A1A45D5980B07740D1E5B96401D2205",
        "type": "SWAP",
        "value": 1184.202585,
        "wallet": ""
      },
      {
        "amount": 500.0,
        "baseAmount": 171.872827,
        "baseSymbol": "LUNC",
        "executionType": "routed",
        "pairId": "astro-lunc",
        "price": 0.343745654,
        "sourceContract": "terra1nynrxdccq0r9ghrz0sq7tjkkh8wug0ggg4lkzsags8r9dyhf7ypqx5gsr8",
        "sourcePairId": "astro-lunc",
        "sourceType": "routed",
        "timestamp": "2026-05-21T18:51:52Z",
        "tokenAmount": 500.0,
        "tokenSymbol": "ASTRO",
        "txhash": "65EAD471A3D4598C8D0231C3BD86308ECA79D68A8D95B4642175F6EF0D207D84",
        "type": "SWAP",
        "value": 171.872827,
        "wallet": ""
      },
      {
        "amount": 171.872827,
        "baseAmount": 1184.202585,
        "baseSymbol": "LUNC",
        "executionType": "routed",
        "pairId": "astro-lunc",
        "price": 6.889993058646787,
        "sourceContract": "terra1nynrxdccq0r9ghrz0sq7tjkkh8wug0ggg4lkzsags8r9dyhf7ypqx5gsr8",
        "sourcePairId": "astro-lunc",
        "sourceType": "routed",
        "timestamp": "2026-05-21T18:51:46Z",
        "tokenAmount": 171.872827,
        "tokenSymbol": "ASTRO",
        "txhash": "B1B093F8E74D1EC888F829A1892A21EB22040892CF6D5963419487C00827DD47",
        "type": "SWAP",
        "value": 1184.202585,
        "wallet": ""
      },
      {
        "amount": 500.0,
        "baseAmount": 171.872827,
        "baseSymbol": "LUNC",
        "executionType": "routed",
        "pairId": "astro-lunc",
        "price": 0.343745654,
        "sourceContract": "terra1nynrxdccq0r9ghrz0sq7tjkkh8wug0ggg4lkzsags8r9dyhf7ypqx5gsr8",
        "sourcePairId": "astro-lunc",
        "sourceType": "routed",
        "timestamp": "2026-05-21T18:51:40Z",
        "tokenAmount": 500.0,
        "tokenSymbol": "ASTRO",
        "txhash": "390301DD11D13D63A9D827764CE957EE853CFCCB579E52E2541B173E6D0E28AD",
        "type": "SWAP",
        "value": 171.872827,
        "wallet": ""
      },
      {
        "amount": 173.488361,
        "baseAmount": 1169.174607,
        "baseSymbol": "LUNC",
        "executionType": "routed",
        "pairId": "astro-lunc",
        "price": 6.739210632118428,
        "sourceContract": "terra1nynrxdccq0r9ghrz0sq7tjkkh8wug0ggg4lkzsags8r9dyhf7ypqx5gsr8",
        "sourcePairId": "astro-lunc",
        "sourceType": "routed",
        "timestamp": "2026-05-21T18:51:28Z",
        "tokenAmount": 173.488361,
        "tokenSymbol": "ASTRO",
        "txhash": "62FE849625F29C8E31569694D11068881F229D51F0612CF64A6BE6D5F6B4430E",
        "type": "SWAP",
        "value": 1169.174607,
        "wallet": ""
      },
      {
        "amount": 500.0,
        "baseAmount": 173.488361,
        "baseSymbol": "LUNC",
        "executionType": "routed",
        "pairId": "astro-lunc",
        "price": 0.346976722,
        "sourceContract": "terra1nynrxdccq0r9ghrz0sq7tjkkh8wug0ggg4lkzsags8r9dyhf7ypqx5gsr8",
        "sourcePairId": "astro-lunc",
        "sourceType": "routed",
        "timestamp": "2026-05-21T18:51:22Z",
        "tokenAmount": 500.0,
        "tokenSymbol": "ASTRO",
        "txhash": "FD605EAB11B7C00BCBF69DA4B266C831A55636081800C54307EAD05000456019",
        "type": "SWAP",
        "value": 173.488361,
        "wallet": ""
      },
      {
        "amount": 172.002748,
        "baseAmount": 1182.969073,
        "baseSymbol": "LUNC",
        "executionType": "routed",
        "pairId": "astro-lunc",
        "price": 6.877617286672653,
        "sourceContract": "terra1nynrxdccq0r9ghrz0sq7tjkkh8wug0ggg4lkzsags8r9dyhf7ypqx5gsr8",
        "sourcePairId": "astro-lunc",
        "sourceType": "routed",
        "timestamp": "2026-05-21T18:51:16Z",
        "tokenAmount": 172.002748,
        "tokenSymbol": "ASTRO",
        "txhash": "E710C8B5142E4E89767945AAE72FA2B64594F13C9641A5E102D53A51A50FD299",
        "type": "SWAP",
        "value": 1182.969073,
        "wallet": ""
      },
      {
        "amount": 500.0,
        "baseAmount": 172.002748,
        "baseSymbol": "LUNC",
        "executionType": "routed",
        "pairId": "astro-lunc",
        "price": 0.34400549599999997,
        "sourceContract": "terra1nynrxdccq0r9ghrz0sq7tjkkh8wug0ggg4lkzsags8r9dyhf7ypqx5gsr8",
        "sourcePairId": "astro-lunc",
        "sourceType": "routed",
        "timestamp": "2026-05-21T18:51:10Z",
        "tokenAmount": 500.0,
        "tokenSymbol": "ASTRO",
        "txhash": "D6A23F33618CA0BDE5D903643443FF9143A07D5E9141998AC421F2274CEB1102",
        "type": "SWAP",
        "value": 172.002748,
        "wallet": ""
      },
      {
        "amount": 172.002748,
        "baseAmount": 1182.969073,
        "baseSymbol": "LUNC",
        "executionType": "routed",
        "pairId": "astro-lunc",
        "price": 6.877617286672653,
        "sourceContract": "terra1nynrxdccq0r9ghrz0sq7tjkkh8wug0ggg4lkzsags8r9dyhf7ypqx5gsr8",
        "sourcePairId": "astro-lunc",
        "sourceType": "routed",
        "timestamp": "2026-05-21T18:50:46Z",
        "tokenAmount": 172.002748,
        "tokenSymbol": "ASTRO",
        "txhash": "8FB324C49F4EB28BA50810491DF30E2AE3CB8E819D6EB40EC6B403819AEDC373",
        "type": "SWAP",
        "value": 1182.969073,
        "wallet": ""
      },
      {
        "amount": 500.0,
        "baseAmount": 172.002748,
        "baseSymbol": "LUNC",
        "executionType": "routed",
        "pairId": "astro-lunc",
        "price": 0.34400549599999997,
        "sourceContract": "terra1nynrxdccq0r9ghrz0sq7tjkkh8wug0ggg4lkzsags8r9dyhf7ypqx5gsr8",
        "sourcePairId": "astro-lunc",
        "sourceType": "routed",
        "timestamp": "2026-05-21T18:50:41Z",
        "tokenAmount": 500.0,
        "tokenSymbol": "ASTRO",
        "txhash": "00F903EBAC77A913AE2B199647F0F1EAA7B9973E2C6C3316DB8DB8EEF0C08D7E",
        "type": "SWAP",
        "value": 172.002748,
        "wallet": ""
      },
      {
        "amount": 172.002748,
        "baseAmount": 1182.969073,
        "baseSymbol": "LUNC",
        "executionType": "routed",
        "pairId": "astro-lunc",
        "price": 6.877617286672653,
        "sourceContract": "terra1nynrxdccq0r9ghrz0sq7tjkkh8wug0ggg4lkzsags8r9dyhf7ypqx5gsr8",
        "sourcePairId": "astro-lunc",
        "sourceType": "routed",
        "timestamp": "2026-05-21T18:50:29Z",
        "tokenAmount": 172.002748,
        "tokenSymbol": "ASTRO",
        "txhash": "47AC8248B2349659A74FD04F7E847F1736F8DF83C8ECC2CEF344F144349C25E4",
        "type": "SWAP",
        "value": 1182.969073,
        "wallet": ""
      },
      {
        "amount": 500.0,
        "baseAmount": 172.002748,
        "baseSymbol": "LUNC",
        "executionType": "routed",
        "pairId": "astro-lunc",
        "price": 0.34400549599999997,
        "sourceContract": "terra1nynrxdccq0r9ghrz0sq7tjkkh8wug0ggg4lkzsags8r9dyhf7ypqx5gsr8",
        "sourcePairId": "astro-lunc",
        "sourceType": "routed",
        "timestamp": "2026-05-21T18:50:23Z",
        "tokenAmount": 500.0,
        "tokenSymbol": "ASTRO",
        "txhash": "16BE2D1D2FAFD6C97EFDC41F9B7466240A63C715E000D8AC14A1969DE7A70C97",
        "type": "SWAP",
        "value": 172.002748,
        "wallet": ""
      },
      {
        "amount": 172.002748,
        "baseAmount": 1182.969073,
        "baseSymbol": "LUNC",
        "executionType": "routed",
        "pairId": "astro-lunc",
        "price": 6.877617286672653,
        "sourceContract": "terra1nynrxdccq0r9ghrz0sq7tjkkh8wug0ggg4lkzsags8r9dyhf7ypqx5gsr8",
        "sourcePairId": "astro-lunc",
        "sourceType": "routed",
        "timestamp": "2026-05-21T18:50:11Z",
        "tokenAmount": 172.002748,
        "tokenSymbol": "ASTRO",
        "txhash": "762DA004DC7C581431047D13E978A28A77515A777ECB586D9B6E870C2316E400",
        "type": "SWAP",
        "value": 1182.969073,
        "wallet": ""
      },
      {
        "amount": 500.0,
        "baseAmount": 172.002748,
        "baseSymbol": "LUNC",
        "executionType": "routed",
        "pairId": "astro-lunc",
        "price": 0.34400549599999997,
        "sourceContract": "terra1nynrxdccq0r9ghrz0sq7tjkkh8wug0ggg4lkzsags8r9dyhf7ypqx5gsr8",
        "sourcePairId": "astro-lunc",
        "sourceType": "routed",
        "timestamp": "2026-05-21T18:50:05Z",
        "tokenAmount": 500.0,
        "tokenSymbol": "ASTRO",
        "txhash": "BFC24A2BC32BA49D68FAE7348065A04B9B9193E5D789A5FEBE6DBF4C6AC07128",
        "type": "SWAP",
        "value": 172.002748,
        "wallet": ""
      },
      {
        "amount": 172.002748,
        "baseAmount": 1182.969073,
        "baseSymbol": "LUNC",
        "executionType": "routed",
        "pairId": "astro-lunc",
        "price": 6.877617286672653,
        "sourceContract": "terra1nynrxdccq0r9ghrz0sq7tjkkh8wug0ggg4lkzsags8r9dyhf7ypqx5gsr8",
        "sourcePairId": "astro-lunc",
        "sourceType": "routed",
        "timestamp": "2026-05-21T18:50:00Z",
        "tokenAmount": 172.002748,
        "tokenSymbol": "ASTRO",
        "txhash": "FE5BFB6E4AB8792293E418FD65AD36B019C76098E01EB56ABD43BF16EAE287A5",
        "type": "SWAP",
        "value": 1182.969073,
        "wallet": ""
      },
      {
        "amount": 500.0,
        "baseAmount": 172.002748,
        "baseSymbol": "LUNC",
        "executionType": "routed",
        "pairId": "astro-lunc",
        "price": 0.34400549599999997,
        "sourceContract": "terra1nynrxdccq0r9ghrz0sq7tjkkh8wug0ggg4lkzsags8r9dyhf7ypqx5gsr8",
        "sourcePairId": "astro-lunc",
        "sourceType": "routed",
        "timestamp": "2026-05-21T18:49:54Z",
        "tokenAmount": 500.0,
        "tokenSymbol": "ASTRO",
        "txhash": "078F1D14B9BE061DB9F9860D89B2C910B7CAD1580D39FAFC3E3DBCBC0A6DD554",
        "type": "SWAP",
        "value": 172.002748,
        "wallet": ""
      },
      {
        "amount": 172.002748,
        "baseAmount": 1182.969073,
        "baseSymbol": "LUNC",
        "executionType": "routed",
        "pairId": "astro-lunc",
        "price": 6.877617286672653,
        "sourceContract": "terra1nynrxdccq0r9ghrz0sq7tjkkh8wug0ggg4lkzsags8r9dyhf7ypqx5gsr8",
        "sourcePairId": "astro-lunc",
        "sourceType": "routed",
        "timestamp": "2026-05-21T18:49:42Z",
        "tokenAmount": 172.002748,
        "tokenSymbol": "ASTRO",
        "txhash": "AD216B28B4E3070B06A3BB2CC6A48155D8011DE9014645C62857199F93D5DA02",
        "type": "SWAP",
        "value": 1182.969073,
        "wallet": ""
      },
      {
        "amount": 500.0,
        "baseAmount": 172.002748,
        "baseSymbol": "LUNC",
        "executionType": "routed",
        "pairId": "astro-lunc",
        "price": 0.34400549599999997,
        "sourceContract": "terra1nynrxdccq0r9ghrz0sq7tjkkh8wug0ggg4lkzsags8r9dyhf7ypqx5gsr8",
        "sourcePairId": "astro-lunc",
        "sourceType": "routed",
        "timestamp": "2026-05-21T18:49:36Z",
        "tokenAmount": 500.0,
        "tokenSymbol": "ASTRO",
        "txhash": "2BC43B3D23CDC71BFEACB7961E1B312CF0680DCBBA2F6B8613794A7AFC838C3C",
        "type": "SWAP",
        "value": 172.002748,
        "wallet": ""
      },
      {
        "amount": 172.002748,
        "baseAmount": 1182.969073,
        "baseSymbol": "LUNC",
        "executionType": "routed",
        "pairId": "astro-lunc",
        "price": 6.877617286672653,
        "sourceContract": "terra1nynrxdccq0r9ghrz0sq7tjkkh8wug0ggg4lkzsags8r9dyhf7ypqx5gsr8",
        "sourcePairId": "astro-lunc",
        "sourceType": "routed",
        "timestamp": "2026-05-21T18:49:30Z",
        "tokenAmount": 172.002748,
        "tokenSymbol": "ASTRO",
        "txhash": "DC9A2E2827E2E8D4D15568E891735F1C9D969D9E238C456B0854FC4491C251DE",
        "type": "SWAP",
        "value": 1182.969073,
        "wallet": ""
      },
      {
        "amount": 500.0,
        "baseAmount": 172.002748,
        "baseSymbol": "LUNC",
        "executionType": "routed",
        "pairId": "astro-lunc",
        "price": 0.34400549599999997,
        "sourceContract": "terra1nynrxdccq0r9ghrz0sq7tjkkh8wug0ggg4lkzsags8r9dyhf7ypqx5gsr8",
        "sourcePairId": "astro-lunc",
        "sourceType": "routed",
        "timestamp": "2026-05-21T18:49:24Z",
        "tokenAmount": 500.0,
        "tokenSymbol": "ASTRO",
        "txhash": "CE2DBB225BE69A99431EFDB31703141CAC4D0440390D1716D4CB1A47B39B65AE",
        "type": "SWAP",
        "value": 172.002748,
        "wallet": ""
      },
      {
        "amount": 172.002748,
        "baseAmount": 1182.969073,
        "baseSymbol": "LUNC",
        "executionType": "routed",
        "pairId": "astro-lunc",
        "price": 6.877617286672653,
        "sourceContract": "terra1nynrxdccq0r9ghrz0sq7tjkkh8wug0ggg4lkzsags8r9dyhf7ypqx5gsr8",
        "sourcePairId": "astro-lunc",
        "sourceType": "routed",
        "timestamp": "2026-05-21T18:49:13Z",
        "tokenAmount": 172.002748,
        "tokenSymbol": "ASTRO",
        "txhash": "74C870D4174899D5F158188DBF3A7027698E9735755AA8F9DD3593633872C2A3",
        "type": "SWAP",
        "value": 1182.969073,
        "wallet": ""
      },
      {
        "amount": 500.0,
        "baseAmount": 172.002748,
        "baseSymbol": "LUNC",
        "executionType": "routed",
        "pairId": "astro-lunc",
        "price": 0.34400549599999997,
        "sourceContract": "terra1nynrxdccq0r9ghrz0sq7tjkkh8wug0ggg4lkzsags8r9dyhf7ypqx5gsr8",
        "sourcePairId": "astro-lunc",
        "sourceType": "routed",
        "timestamp": "2026-05-21T18:49:07Z",
        "tokenAmount": 500.0,
        "tokenSymbol": "ASTRO",
        "txhash": "4C1738BC4000F5A1425EA9458F463D3C57C1613339C08D1A03A76A8465FDF8F4",
        "type": "SWAP",
        "value": 172.002748,
        "wallet": ""
      },
      {
        "amount": 172.002748,
        "baseAmount": 1182.969073,
        "baseSymbol": "LUNC",
        "executionType": "routed",
        "pairId": "astro-lunc",
        "price": 6.877617286672653,
        "sourceContract": "terra1nynrxdccq0r9ghrz0sq7tjkkh8wug0ggg4lkzsags8r9dyhf7ypqx5gsr8",
        "sourcePairId": "astro-lunc",
        "sourceType": "routed",
        "timestamp": "2026-05-21T18:48:55Z",
        "tokenAmount": 172.002748,
        "tokenSymbol": "ASTRO",
        "txhash": "C5809784F1BB2E500E113F2ECCD1C2F438E38F47B21847DB8DD7477656953873",
        "type": "SWAP",
        "value": 1182.969073,
        "wallet": ""
      },
      {
        "amount": 500.0,
        "baseAmount": 172.002748,
        "baseSymbol": "LUNC",
        "executionType": "routed",
        "pairId": "astro-lunc",
        "price": 0.34400549599999997,
        "sourceContract": "terra1nynrxdccq0r9ghrz0sq7tjkkh8wug0ggg4lkzsags8r9dyhf7ypqx5gsr8",
        "sourcePairId": "astro-lunc",
        "sourceType": "routed",
        "timestamp": "2026-05-21T18:48:37Z",
        "tokenAmount": 500.0,
        "tokenSymbol": "ASTRO",
        "txhash": "2BEFABBA88AD258B5551C26C3B87839FF321B403616D0EDC6906BEFF72170843",
        "type": "SWAP",
        "value": 172.002748,
        "wallet": ""
      },
      {
        "amount": 172.002748,
        "baseAmount": 1182.969073,
        "baseSymbol": "LUNC",
        "executionType": "routed",
        "pairId": "astro-lunc",
        "price": 6.877617286672653,
        "sourceContract": "terra1nynrxdccq0r9ghrz0sq7tjkkh8wug0ggg4lkzsags8r9dyhf7ypqx5gsr8",
        "sourcePairId": "astro-lunc",
        "sourceType": "routed",
        "timestamp": "2026-05-21T18:48:25Z",
        "tokenAmount": 172.002748,
        "tokenSymbol": "ASTRO",
        "txhash": "15CB5976E337FF707942BBCBE3A0698843ED71F43EAEA880BA55EB5AF9642869",
        "type": "SWAP",
        "value": 1182.969073,
        "wallet": ""
      },
      {
        "amount": 500.0,
        "baseAmount": 172.002748,
        "baseSymbol": "LUNC",
        "executionType": "routed",
        "pairId": "astro-lunc",
        "price": 0.34400549599999997,
        "sourceContract": "terra1nynrxdccq0r9ghrz0sq7tjkkh8wug0ggg4lkzsags8r9dyhf7ypqx5gsr8",
        "sourcePairId": "astro-lunc",
        "sourceType": "routed",
        "timestamp": "2026-05-21T18:48:20Z",
        "tokenAmount": 500.0,
        "tokenSymbol": "ASTRO",
        "txhash": "B9A9C8DAFBF412565297B6C09BC45FFE6354EF6D96A2898783DEF7CE087C45FA",
        "type": "SWAP",
        "value": 172.002748,
        "wallet": ""
      },
      {
        "amount": 172.002748,
        "baseAmount": 1182.969073,
        "baseSymbol": "LUNC",
        "executionType": "routed",
        "pairId": "astro-lunc",
        "price": 6.877617286672653,
        "sourceContract": "terra1nynrxdccq0r9ghrz0sq7tjkkh8wug0ggg4lkzsags8r9dyhf7ypqx5gsr8",
        "sourcePairId": "astro-lunc",
        "sourceType": "routed",
        "timestamp": "2026-05-21T18:48:14Z",
        "tokenAmount": 172.002748,
        "tokenSymbol": "ASTRO",
        "txhash": "833510D871D795E98FC4F7A40426352D3A7879D426959775C1BB4ED3C1CE47D2",
        "type": "SWAP",
        "value": 1182.969073,
        "wallet": ""
      },
      {
        "amount": 500.0,
        "baseAmount": 172.002748,
        "baseSymbol": "LUNC",
        "executionType": "routed",
        "pairId": "astro-lunc",
        "price": 0.34400549599999997,
        "sourceContract": "terra1nynrxdccq0r9ghrz0sq7tjkkh8wug0ggg4lkzsags8r9dyhf7ypqx5gsr8",
        "sourcePairId": "astro-lunc",
        "sourceType": "routed",
        "timestamp": "2026-05-21T18:48:08Z",
        "tokenAmount": 500.0,
        "tokenSymbol": "ASTRO",
        "txhash": "F573B85942B5B11F298E648BC0E6495818981F046777A5C8E8AA2A8A26A44A07",
        "type": "SWAP",
        "value": 172.002748,
        "wallet": ""
      },
      {
        "amount": 172.002748,
        "baseAmount": 1182.969073,
        "baseSymbol": "LUNC",
        "executionType": "routed",
        "pairId": "astro-lunc",
        "price": 6.877617286672653,
        "sourceContract": "terra1nynrxdccq0r9ghrz0sq7tjkkh8wug0ggg4lkzsags8r9dyhf7ypqx5gsr8",
        "sourcePairId": "astro-lunc",
        "sourceType": "routed",
        "timestamp": "2026-05-21T18:47:56Z",
        "tokenAmount": 172.002748,
        "tokenSymbol": "ASTRO",
        "txhash": "39DC9669C6651D29E70E88B42ADC61872FB88122B94169FD4253D01A96F83661",
        "type": "SWAP",
        "value": 1182.969073,
        "wallet": ""
      },
      {
        "amount": 500.0,
        "baseAmount": 172.002748,
        "baseSymbol": "LUNC",
        "executionType": "routed",
        "pairId": "astro-lunc",
        "price": 0.34400549599999997,
        "sourceContract": "terra1nynrxdccq0r9ghrz0sq7tjkkh8wug0ggg4lkzsags8r9dyhf7ypqx5gsr8",
        "sourcePairId": "astro-lunc",
        "sourceType": "routed",
        "timestamp": "2026-05-21T18:47:50Z",
        "tokenAmount": 500.0,
        "tokenSymbol": "ASTRO",
        "txhash": "1126FBF46746AA1C69BD6F6E43304CFC98D50DCE29008F370A9215C4AE43CEFA",
        "type": "SWAP",
        "value": 172.002748,
        "wallet": ""
      },
      {
        "amount": 172.002748,
        "baseAmount": 1182.969073,
        "baseSymbol": "LUNC",
        "executionType": "routed",
        "pairId": "astro-lunc",
        "price": 6.877617286672653,
        "sourceContract": "terra1nynrxdccq0r9ghrz0sq7tjkkh8wug0ggg4lkzsags8r9dyhf7ypqx5gsr8",
        "sourcePairId": "astro-lunc",
        "sourceType": "routed",
        "timestamp": "2026-05-21T18:47:44Z",
        "tokenAmount": 172.002748,
        "tokenSymbol": "ASTRO",
        "txhash": "D70CE809FB67FBCF5623E8E4C4D2D3DCAF805298FBF746446BF2D877ECFE7867",
        "type": "SWAP",
        "value": 1182.969073,
        "wallet": ""
      },
      {
        "amount": 500.0,
        "baseAmount": 172.002748,
        "baseSymbol": "LUNC",
        "executionType": "routed",
        "pairId": "astro-lunc",
        "price": 0.34400549599999997,
        "sourceContract": "terra1nynrxdccq0r9ghrz0sq7tjkkh8wug0ggg4lkzsags8r9dyhf7ypqx5gsr8",
        "sourcePairId": "astro-lunc",
        "sourceType": "routed",
        "timestamp": "2026-05-21T18:47:39Z",
        "tokenAmount": 500.0,
        "tokenSymbol": "ASTRO",
        "txhash": "E36A0A4BD987207456B008DB52173FFFC514E2386E12A028C0C88E40EC0AB231",
        "type": "SWAP",
        "value": 172.002748,
        "wallet": ""
      },
      {
        "amount": 172.002748,
        "baseAmount": 1182.969073,
        "baseSymbol": "LUNC",
        "executionType": "routed",
        "pairId": "astro-lunc",
        "price": 6.877617286672653,
        "sourceContract": "terra1nynrxdccq0r9ghrz0sq7tjkkh8wug0ggg4lkzsags8r9dyhf7ypqx5gsr8",
        "sourcePairId": "astro-lunc",
        "sourceType": "routed",
        "timestamp": "2026-05-21T18:47:27Z",
        "tokenAmount": 172.002748,
        "tokenSymbol": "ASTRO",
        "txhash": "41723FE936C542B85CEF0C503ED426E1E58D90ACE7D16FB1CF7BB99C72F5FD74",
        "type": "SWAP",
        "value": 1182.969073,
        "wallet": ""
      },
      {
        "amount": 500.0,
        "baseAmount": 172.002748,
        "baseSymbol": "LUNC",
        "executionType": "routed",
        "pairId": "astro-lunc",
        "price": 0.34400549599999997,
        "sourceContract": "terra1nynrxdccq0r9ghrz0sq7tjkkh8wug0ggg4lkzsags8r9dyhf7ypqx5gsr8",
        "sourcePairId": "astro-lunc",
        "sourceType": "routed",
        "timestamp": "2026-05-21T18:47:21Z",
        "tokenAmount": 500.0,
        "tokenSymbol": "ASTRO",
        "txhash": "09BCF2BB5F73D8C32E1CB1F09844673EFD2D36D1CD91839F47BF6EE3BA685004",
        "type": "SWAP",
        "value": 172.002748,
        "wallet": ""
      },
      {
        "amount": 172.002748,
        "baseAmount": 1182.969073,
        "baseSymbol": "LUNC",
        "executionType": "routed",
        "pairId": "astro-lunc",
        "price": 6.877617286672653,
        "sourceContract": "terra1nynrxdccq0r9ghrz0sq7tjkkh8wug0ggg4lkzsags8r9dyhf7ypqx5gsr8",
        "sourcePairId": "astro-lunc",
        "sourceType": "routed",
        "timestamp": "2026-05-21T18:47:15Z",
        "tokenAmount": 172.002748,
        "tokenSymbol": "ASTRO",
        "txhash": "D58DAC2CBF0186083483E65AC3DA3869C5459D6FD2A5031E5B34004EB7602CE1",
        "type": "SWAP",
        "value": 1182.969073,
        "wallet": ""
      },
      {
        "amount": 500.0,
        "baseAmount": 172.002748,
        "baseSymbol": "LUNC",
        "executionType": "routed",
        "pairId": "astro-lunc",
        "price": 0.34400549599999997,
        "sourceContract": "terra1nynrxdccq0r9ghrz0sq7tjkkh8wug0ggg4lkzsags8r9dyhf7ypqx5gsr8",
        "sourcePairId": "astro-lunc",
        "sourceType": "routed",
        "timestamp": "2026-05-21T18:47:09Z",
        "tokenAmount": 500.0,
        "tokenSymbol": "ASTRO",
        "txhash": "B70D34E5DBB7BFF1D4211B184700E890F9B848E57F13B37A78596323BFF52066",
        "type": "SWAP",
        "value": 172.002748,
        "wallet": ""
      },
      {
        "amount": 172.002748,
        "baseAmount": 1182.969073,
        "baseSymbol": "LUNC",
        "executionType": "routed",
        "pairId": "astro-lunc",
        "price": 6.877617286672653,
        "sourceContract": "terra1nynrxdccq0r9ghrz0sq7tjkkh8wug0ggg4lkzsags8r9dyhf7ypqx5gsr8",
        "sourcePairId": "astro-lunc",
        "sourceType": "routed",
        "timestamp": "2026-05-21T18:46:57Z",
        "tokenAmount": 172.002748,
        "tokenSymbol": "ASTRO",
        "txhash": "CE79A98F38974473D76033ED23A46CE6F74C6E8294F2AEFAA94DA59128145DE5",
        "type": "SWAP",
