{
  "pairs": {
    "amplunc-cwlunc": [
      {
        "amount": 8903.680138,
        "baseAmount": 11651.196755,
        "baseSymbol": "CWLUNC",
        "pairId": "amplunc-cwlunc",
        "price": 1.3085821339508683,
        "sourceContract": "terra132qwlqxffksjfg6ntzp4m5786lrlmgrufzx5c6",
        "sourcePairId": "amplunc-cwlunc-ref-1",
        "sourceType": "reference",
        "timestamp": "2026-04-29T20:54:32Z",
        "tokenAmount": 8903.680138,
        "tokenSymbol": "AMPLUNC",
        "txhash": "AEA0ADE811D0EB436B921C6D8F0AD93C98A8512DCFA008DB88939BF689ED6BDD",
        "type": "SELL",
        "value": 11651.196755,
        "wallet": "terra1ydeh9exz82qrzw82ycjr6n462u5ldt8m8qt4rh"
      },
      {
        "amount": 232.227626,
        "baseAmount": 300.0,
        "baseSymbol": "CWLUNC",
        "pairId": "amplunc-cwlunc",
        "price": 1.2918359678705926,
        "sourceContract": "terra12gkp648mkgj6esr5y6dwc2q4mftnfzk2pudka8",
        "sourcePairId": "amplunc-cwlunc-ref-2",
        "sourceType": "reference",
        "timestamp": "2026-04-29T20:50:11Z",
        "tokenAmount": 232.227626,
        "tokenSymbol": "AMPLUNC",
        "txhash": "4A012668CED62DE279FB40976867B297D9D3096266D0038EC28CABF627E6B897",
        "type": "BUY",
        "value": 300.0,
        "wallet": "terra1g3zc8lwwmkrm0cz9wkgl849pdqaw6cq8lh7872"
      },
      {
        "amount": 10137.971474,
        "baseAmount": 13046.684199,
        "baseSymbol": "CWLUNC",
        "pairId": "amplunc-cwlunc",
        "price": 1.286912695745863,
        "sourceContract": "terra12gkp648mkgj6esr5y6dwc2q4mftnfzk2pudka8",
        "sourcePairId": "amplunc-cwlunc-ref-2",
        "sourceType": "reference",
        "timestamp": "2026-04-29T17:03:29Z",
        "tokenAmount": 10137.971474,
        "tokenSymbol": "AMPLUNC",
        "txhash": "53F31B0BC10F660E1024652F16E3BE04264C2C96D4067F27C6A8C7D8A8450839",
        "type": "BUY",
        "value": 13046.684199,
        "wallet": "terra1q7a9kg5xusufjfjp3v8ghsc7urfrlj8m99hlwh"
      },
      {
        "amount": 2052.88934,
        "baseAmount": 2618.21828,
        "baseSymbol": "CWLUNC",
        "pairId": "amplunc-cwlunc",
        "price": 1.2753820817248727,
        "sourceContract": "terra12gkp648mkgj6esr5y6dwc2q4mftnfzk2pudka8",
        "sourcePairId": "amplunc-cwlunc-ref-2",
        "sourceType": "reference",
        "timestamp": "2026-04-29T12:17:24Z",
        "tokenAmount": 2052.88934,
        "tokenSymbol": "AMPLUNC",
        "txhash": "058161B80232410189BDD5D2B6963D106A1708B2A199641A8A8368E6F2933151",
        "type": "SELL",
        "value": 2618.21828,
        "wallet": "terra1g3zc8lwwmkrm0cz9wkgl849pdqaw6cq8lh7872"
      },
      {
        "amount": 7041.141916,
        "baseAmount": 9064.4923,
        "baseSymbol": "CWLUNC",
        "pairId": "amplunc-cwlunc",
        "price": 1.2873611138844145,
        "sourceContract": "terra12gkp648mkgj6esr5y6dwc2q4mftnfzk2pudka8",
        "sourcePairId": "amplunc-cwlunc-ref-2",
        "sourceType": "reference",
        "timestamp": "2026-04-29T12:12:32Z",
        "tokenAmount": 7041.141916,
        "tokenSymbol": "AMPLUNC",
        "txhash": "F540976027E8BC20AF8E68DF65393C987FD3CA1E8D0CB9970F0C713BE3D202A5",
        "type": "BUY",
        "value": 9064.4923,
        "wallet": "terra1g3zc8lwwmkrm0cz9wkgl849pdqaw6cq8lh7872"
      },
      {
        "amount": 11413.538521,
        "baseAmount": 14628.602413,
        "baseSymbol": "CWLUNC",
        "pairId": "amplunc-cwlunc",
        "price": 1.2816886179587985,
        "sourceContract": "terra12gkp648mkgj6esr5y6dwc2q4mftnfzk2pudka8",
        "sourcePairId": "amplunc-cwlunc-ref-2",
        "sourceType": "reference",
        "timestamp": "2026-04-29T10:56:32Z",
        "tokenAmount": 11413.538521,
        "tokenSymbol": "AMPLUNC",
        "txhash": "554A89030850614E8C519474554E9B3A419D86EB5AB51F6C9AC0341E02EC5B64",
        "type": "SELL",
        "value": 14628.602413,
        "wallet": "terra1g3zc8lwwmkrm0cz9wkgl849pdqaw6cq8lh7872"
      },
      {
        "amount": 8982.929851,
        "baseAmount": 11781.428744,
        "baseSymbol": "CWLUNC",
        "pairId": "amplunc-cwlunc",
        "price": 1.3115352050409772,
        "sourceContract": "terra132qwlqxffksjfg6ntzp4m5786lrlmgrufzx5c6",
        "sourcePairId": "amplunc-cwlunc-ref-1",
        "sourceType": "reference",
        "timestamp": "2026-04-29T08:53:55Z",
        "tokenAmount": 8982.929851,
        "tokenSymbol": "AMPLUNC",
        "txhash": "3EA0E332C0060125D36FF29608B93750FD184339904D09D63CC2E22072A567C7",
        "type": "SELL",
        "value": 11781.428744,
        "wallet": "terra1ydeh9exz82qrzw82ycjr6n462u5ldt8m8qt4rh"
      },
      {
        "amount": 193.086553,
        "baseAmount": 250.0,
        "baseSymbol": "CWLUNC",
        "pairId": "amplunc-cwlunc",
        "price": 1.2947561397504466,
        "sourceContract": "terra12gkp648mkgj6esr5y6dwc2q4mftnfzk2pudka8",
        "sourcePairId": "amplunc-cwlunc-ref-2",
        "sourceType": "reference",
        "timestamp": "2026-04-28T20:22:13Z",
        "tokenAmount": 193.086553,
        "tokenSymbol": "AMPLUNC",
        "txhash": "571458F93ED2AB06855AC190EAAE0DF9C396F2E9A2EB7650AB7A3F00261AD162",
        "type": "BUY",
        "value": 250.0,
        "wallet": "terra1g3zc8lwwmkrm0cz9wkgl849pdqaw6cq8lh7872"
      },
      {
        "amount": 7271.514826,
        "baseAmount": 9439.435896,
        "baseSymbol": "CWLUNC",
        "pairId": "amplunc-cwlunc",
        "price": 1.298138850277578,
        "sourceContract": "terra12gkp648mkgj6esr5y6dwc2q4mftnfzk2pudka8",
        "sourcePairId": "amplunc-cwlunc-ref-2",
        "sourceType": "reference",
        "timestamp": "2026-04-28T14:33:24Z",
        "tokenAmount": 7271.514826,
        "tokenSymbol": "AMPLUNC",
        "txhash": "B48687BBBE95C5B73859A74DDE6D8A1BB89A5A776E4F80DBAB8D9A1CC914C02A",
        "type": "BUY",
        "value": 9439.435896,
        "wallet": "terra1g3zc8lwwmkrm0cz9wkgl849pdqaw6cq8lh7872"
      },
      {
        "amount": 8271.102568,
        "baseAmount": 10675.515047,
        "baseSymbol": "CWLUNC",
        "pairId": "amplunc-cwlunc",
        "price": 1.2907003581726106,
        "sourceContract": "terra12gkp648mkgj6esr5y6dwc2q4mftnfzk2pudka8",
        "sourcePairId": "amplunc-cwlunc-ref-2",
        "sourceType": "reference",
        "timestamp": "2026-04-28T12:44:10Z",
        "tokenAmount": 8271.102568,
        "tokenSymbol": "AMPLUNC",
        "txhash": "354471029632E4CE0369215CCF96816D8C5587CFF0F8D8F2924637BEA75782CC",
        "type": "BUY",
        "value": 10675.515047,
        "wallet": "terra1ydeh9exz82qrzw82ycjr6n462u5ldt8m8qt4rh"
      },
      {
        "amount": 2129.59093,
        "baseAmount": 2725.982669,
        "baseSymbol": "CWLUNC",
        "pairId": "amplunc-cwlunc",
        "price": 1.2800499056407983,
        "sourceContract": "terra12gkp648mkgj6esr5y6dwc2q4mftnfzk2pudka8",
        "sourcePairId": "amplunc-cwlunc-ref-2",
        "sourceType": "reference",
        "timestamp": "2026-04-28T01:56:10Z",
        "tokenAmount": 2129.59093,
        "tokenSymbol": "AMPLUNC",
        "txhash": "CB14F973D30963B54E1317FEAF0CBE4956AA901F973DDB8CC657E2027AE33CB6",
        "type": "SELL",
        "value": 2725.982669,
        "wallet": "terra1g3zc8lwwmkrm0cz9wkgl849pdqaw6cq8lh7872"
      },
      {
        "amount": 9098.261723,
        "baseAmount": 11959.943205,
        "baseSymbol": "CWLUNC",
        "pairId": "amplunc-cwlunc",
        "price": 1.314530573984896,
        "sourceContract": "terra132qwlqxffksjfg6ntzp4m5786lrlmgrufzx5c6",
        "sourcePairId": "amplunc-cwlunc-ref-1",
        "sourceType": "reference",
        "timestamp": "2026-04-28T00:54:29Z",
        "tokenAmount": 9098.261723,
        "tokenSymbol": "AMPLUNC",
        "txhash": "EC9640E35FB4CBEF97A274B22B3DDA6F0EBD53D351586580E076DAC63CAE725F",
        "type": "SELL",
        "value": 11959.943205,
        "wallet": "terra1ydeh9exz82qrzw82ycjr6n462u5ldt8m8qt4rh"
      },
      {
        "amount": 7368.194059,
        "baseAmount": 9464.67365,
        "baseSymbol": "CWLUNC",
        "pairId": "amplunc-cwlunc",
        "price": 1.284530995548254,
        "sourceContract": "terra12gkp648mkgj6esr5y6dwc2q4mftnfzk2pudka8",
        "sourcePairId": "amplunc-cwlunc-ref-2",
        "sourceType": "reference",
        "timestamp": "2026-04-28T00:19:14Z",
        "tokenAmount": 7368.194059,
        "tokenSymbol": "AMPLUNC",
        "txhash": "43B1BC2700EC460D3FCE6896929655DBFBF8DA63BCF348B6531AB13EE52A574E",
        "type": "SELL",
        "value": 9464.67365,
        "wallet": "terra1q7a9kg5xusufjfjp3v8ghsc7urfrlj8m99hlwh"
      },
      {
        "amount": 9169.216503,
        "baseAmount": 12081.05931,
        "baseSymbol": "CWLUNC",
        "pairId": "amplunc-cwlunc",
        "price": 1.31756724318237,
        "sourceContract": "terra132qwlqxffksjfg6ntzp4m5786lrlmgrufzx5c6",
        "sourcePairId": "amplunc-cwlunc-ref-1",
        "sourceType": "reference",
        "timestamp": "2026-04-27T23:08:06Z",
        "tokenAmount": 9169.216503,
        "tokenSymbol": "AMPLUNC",
        "txhash": "60E2EC65E30F53A3936E74207E7B421B9B2AE25E7AA3568FB071FBA3ACE97730",
        "type": "SELL",
        "value": 12081.05931,
        "wallet": "terra1ydeh9exz82qrzw82ycjr6n462u5ldt8m8qt4rh"
      },
      {
        "amount": 705.808618,
        "baseAmount": 909.337436,
        "baseSymbol": "CWLUNC",
        "pairId": "amplunc-cwlunc",
        "price": 1.288362613900529,
        "sourceContract": "terra12gkp648mkgj6esr5y6dwc2q4mftnfzk2pudka8",
        "sourcePairId": "amplunc-cwlunc-ref-2",
        "sourceType": "reference",
        "timestamp": "2026-04-27T19:27:46Z",
        "tokenAmount": 705.808618,
        "tokenSymbol": "AMPLUNC",
        "txhash": "3668310CA8221297D289DEF341D2894D1813395F126B993E6436EC84924D9DF5",
        "type": "SELL",
        "value": 909.337436,
        "wallet": "terra1g3zc8lwwmkrm0cz9wkgl849pdqaw6cq8lh7872"
      },
      {
        "amount": 9193.074674,
        "baseAmount": 12140.652939,
        "baseSymbol": "CWLUNC",
        "pairId": "amplunc-cwlunc",
        "price": 1.3206302972101802,
        "sourceContract": "terra132qwlqxffksjfg6ntzp4m5786lrlmgrufzx5c6",
        "sourcePairId": "amplunc-cwlunc-ref-1",
        "sourceType": "reference",
        "timestamp": "2026-04-27T19:07:11Z",
        "tokenAmount": 9193.074674,
        "tokenSymbol": "AMPLUNC",
        "txhash": "F565620857CC9536CA9F0A5AE74F1EB5D7E2FBC462D757D536CBFDCC98B457C7",
        "type": "SELL",
        "value": 12140.652939,
        "wallet": "terra1ydeh9exz82qrzw82ycjr6n462u5ldt8m8qt4rh"
      },
      {
        "amount": 7569.839247,
        "baseAmount": 9782.524878,
        "baseSymbol": "CWLUNC",
        "pairId": "amplunc-cwlunc",
        "price": 1.2923028559525764,
        "sourceContract": "terra12gkp648mkgj6esr5y6dwc2q4mftnfzk2pudka8",
        "sourcePairId": "amplunc-cwlunc-ref-2",
        "sourceType": "reference",
        "timestamp": "2026-04-27T08:06:19Z",
        "tokenAmount": 7569.839247,
        "tokenSymbol": "AMPLUNC",
        "txhash": "2BBA39015E2F5B3EA3F8B186F42CD78ADD097DAD6AB1958B954E060DB41DEE79",
        "type": "SELL",
        "value": 9782.524878,
        "wallet": "terra1q7a9kg5xusufjfjp3v8ghsc7urfrlj8m99hlwh"
      },
      {
        "amount": 9110.944638,
        "baseAmount": 12060.105346,
        "baseSymbol": "CWLUNC",
        "pairId": "amplunc-cwlunc",
        "price": 1.3236942847506301,
        "sourceContract": "terra132qwlqxffksjfg6ntzp4m5786lrlmgrufzx5c6",
        "sourcePairId": "amplunc-cwlunc-ref-1",
        "sourceType": "reference",
        "timestamp": "2026-04-27T06:29:30Z",
        "tokenAmount": 9110.944638,
        "tokenSymbol": "AMPLUNC",
        "txhash": "9F260E408E1B271B7D1512C567B9F8FCFA2FDD9AA6C3A04E284CB0F31E0C7E84",
        "type": "SELL",
        "value": 12060.105346,
        "wallet": "terra1ydeh9exz82qrzw82ycjr6n462u5ldt8m8qt4rh"
      },
      {
        "amount": 186.268437,
        "baseAmount": 241.407104,
        "baseSymbol": "CWLUNC",
        "pairId": "amplunc-cwlunc",
        "price": 1.2960172313036589,
        "sourceContract": "terra12gkp648mkgj6esr5y6dwc2q4mftnfzk2pudka8",
        "sourcePairId": "amplunc-cwlunc-ref-2",
        "sourceType": "reference",
        "timestamp": "2026-04-27T01:17:01Z",
        "tokenAmount": 186.268437,
        "tokenSymbol": "AMPLUNC",
        "txhash": "2FC271FE4819A88B48A860E003AB8D00A4F83E58924E677D463CD9EB18E2FC72",
        "type": "SELL",
        "value": 241.407104,
        "wallet": "terra10fsmdspfdukffwv0lrjm6gc9w3fcrl9fe076cl"
      },
      {
        "amount": 7888.124807,
        "baseAmount": 10463.987894,
        "baseSymbol": "CWLUNC",
        "pairId": "amplunc-cwlunc",
        "price": 1.3265494841960606,
        "sourceContract": "terra132qwlqxffksjfg6ntzp4m5786lrlmgrufzx5c6",
        "sourcePairId": "amplunc-cwlunc-ref-1",
        "sourceType": "reference",
        "timestamp": "2026-04-26T23:18:57Z",
        "tokenAmount": 7888.124807,
        "tokenSymbol": "AMPLUNC",
        "txhash": "59F51DA0271DAAB1849F702AEAA73A3B2CCA4CF62474AEEB2DC5841F271005F6",
        "type": "SELL",
        "value": 10463.987894,
        "wallet": "terra1zafpjz7h4x9cd8n5rf9lxz7tru352taxtl8jeu"
      },
      {
        "amount": 9277.821366,
        "baseAmount": 12334.324434,
        "baseSymbol": "CWLUNC",
        "pairId": "amplunc-cwlunc",
        "price": 1.3294418966936596,
        "sourceContract": "terra132qwlqxffksjfg6ntzp4m5786lrlmgrufzx5c6",
        "sourcePairId": "amplunc-cwlunc-ref-1",
        "sourceType": "reference",
        "timestamp": "2026-04-26T22:14:09Z",
        "tokenAmount": 9277.821366,
        "tokenSymbol": "AMPLUNC",
        "txhash": "1A64BB6C9EEE12C84B49BECB6174C8E61ADDA2B99B7F1EBB54A534160A297E98",
        "type": "SELL",
        "value": 12334.324434,
        "wallet": "terra1ydeh9exz82qrzw82ycjr6n462u5ldt8m8qt4rh"
      },
      {
        "amount": 9290.046077,
        "baseAmount": 12379.741783,
        "baseSymbol": "CWLUNC",
        "pairId": "amplunc-cwlunc",
        "price": 1.3325813112648999,
        "sourceContract": "terra132qwlqxffksjfg6ntzp4m5786lrlmgrufzx5c6",
        "sourcePairId": "amplunc-cwlunc-ref-1",
        "sourceType": "reference",
        "timestamp": "2026-04-26T21:32:46Z",
        "tokenAmount": 9290.046077,
        "tokenSymbol": "AMPLUNC",
        "txhash": "4661909D98F4389EED019B5492A6CD0F615D0C434E6DE40CE93D49AE60F18743",
        "type": "SELL",
        "value": 12379.741783,
        "wallet": "terra1ydeh9exz82qrzw82ycjr6n462u5ldt8m8qt4rh"
      },
      {
        "amount": 7964.093064,
        "baseAmount": 10352.779193,
        "baseSymbol": "CWLUNC",
        "pairId": "amplunc-cwlunc",
        "price": 1.299931970885367,
        "sourceContract": "terra12gkp648mkgj6esr5y6dwc2q4mftnfzk2pudka8",
        "sourcePairId": "amplunc-cwlunc-ref-2",
        "sourceType": "reference",
        "timestamp": "2026-04-26T06:38:06Z",
        "tokenAmount": 7964.093064,
        "tokenSymbol": "AMPLUNC",
        "txhash": "D56B9D3AB3579BBD73D7702A9ABE8000FA9E816C69DC39B1E78183149A1DE7D1",
        "type": "SELL",
        "value": 10352.779193,
        "wallet": "terra1q7a9kg5xusufjfjp3v8ghsc7urfrlj8m99hlwh"
      },
      {
        "amount": 9425.121558,
        "baseAmount": 12589.671086,
        "baseSymbol": "CWLUNC",
        "pairId": "amplunc-cwlunc",
        "price": 1.3357568927388468,
        "sourceContract": "terra132qwlqxffksjfg6ntzp4m5786lrlmgrufzx5c6",
        "sourcePairId": "amplunc-cwlunc-ref-1",
        "sourceType": "reference",
        "timestamp": "2026-04-24T01:48:13Z",
        "tokenAmount": 9425.121558,
        "tokenSymbol": "AMPLUNC",
        "txhash": "CDF8AC3A506D44A691477AD45BD74AA697AA86397E9196D2B9685F740F5FCF37",
        "type": "SELL",
        "value": 12589.671086,
        "wallet": "terra1ydeh9exz82qrzw82ycjr6n462u5ldt8m8qt4rh"
      },
      {
        "amount": 45045.02063,
        "baseAmount": 59725.806948,
        "baseSymbol": "CWLUNC",
        "pairId": "amplunc-cwlunc",
        "price": 1.3259136329093517,
        "sourceContract": "terra12gkp648mkgj6esr5y6dwc2q4mftnfzk2pudka8",
        "sourcePairId": "amplunc-cwlunc-ref-2",
        "sourceType": "reference",
        "timestamp": "2026-04-24T00:10:31Z",
        "tokenAmount": 45045.02063,
        "tokenSymbol": "AMPLUNC",
        "txhash": "ED826678E42EB9F6E38BD006E12F20289A16C3F7948F8E5185F883878703AE8D",
        "type": "SELL",
        "value": 59725.806948,
        "wallet": "terra1g3zc8lwwmkrm0cz9wkgl849pdqaw6cq8lh7872"
      },
      {
        "amount": 37377.09138,
        "baseAmount": 50000.0,
        "baseSymbol": "CWLUNC",
        "pairId": "amplunc-cwlunc",
        "price": 1.3377177879270283,
        "sourceContract": "terra12gkp648mkgj6esr5y6dwc2q4mftnfzk2pudka8",
        "sourcePairId": "amplunc-cwlunc-ref-2",
        "sourceType": "reference",
        "timestamp": "2026-04-24T00:09:38Z",
        "tokenAmount": 37377.09138,
        "tokenSymbol": "AMPLUNC",
        "txhash": "6EE8A1483DB6B9D7D225BD6A52E4B2A7A70C20E77B4A2F01FA92B647FA206CB0",
        "type": "BUY",
        "value": 50000.0,
        "wallet": "terra1g3zc8lwwmkrm0cz9wkgl849pdqaw6cq8lh7872"
      },
      {
        "amount": 9469.721722,
        "baseAmount": 12679.715918,
        "baseSymbol": "CWLUNC",
        "pairId": "amplunc-cwlunc",
        "price": 1.3389745010714054,
        "sourceContract": "terra132qwlqxffksjfg6ntzp4m5786lrlmgrufzx5c6",
        "sourcePairId": "amplunc-cwlunc-ref-1",
        "sourceType": "reference",
        "timestamp": "2026-04-23T23:40:31Z",
        "tokenAmount": 9469.721722,
        "tokenSymbol": "AMPLUNC",
        "txhash": "56372E3C32E3110571FD9A7CD0C4B1EFCF2F2CCA461B63D86D7C6DB309DC69FD",
        "type": "SELL",
        "value": 12679.715918,
        "wallet": "terra1ydeh9exz82qrzw82ycjr6n462u5ldt8m8qt4rh"
      },
      {
        "amount": 17932.678308,
        "baseAmount": 23812.324272,
        "baseSymbol": "CWLUNC",
        "pairId": "amplunc-cwlunc",
        "price": 1.3278732748680948,
        "sourceContract": "terra12gkp648mkgj6esr5y6dwc2q4mftnfzk2pudka8",
        "sourcePairId": "amplunc-cwlunc-ref-2",
        "sourceType": "reference",
        "timestamp": "2026-04-23T21:33:38Z",
        "tokenAmount": 17932.678308,
        "tokenSymbol": "AMPLUNC",
        "txhash": "50CA5499211A5C004DDF37380C7BD285B2C722FA58F454A5B0D667E756A10713",
        "type": "BUY",
        "value": 23812.324272,
        "wallet": "terra1g3zc8lwwmkrm0cz9wkgl849pdqaw6cq8lh7872"
      },
      {
        "amount": 9482.799979,
        "baseAmount": 12727.94339,
        "baseSymbol": "CWLUNC",
        "pairId": "amplunc-cwlunc",
        "price": 1.3422136308038224,
        "sourceContract": "terra132qwlqxffksjfg6ntzp4m5786lrlmgrufzx5c6",
        "sourcePairId": "amplunc-cwlunc-ref-1",
        "sourceType": "reference",
        "timestamp": "2026-04-23T21:13:14Z",
        "tokenAmount": 9482.799979,
        "tokenSymbol": "AMPLUNC",
        "txhash": "9FC8B76A02EE8B645818C2761C82BB54078986EFCF10DD866421AF05C702D280",
        "type": "SELL",
        "value": 12727.94339,
        "wallet": "terra1ydeh9exz82qrzw82ycjr6n462u5ldt8m8qt4rh"
      },
      {
        "amount": 9477.683347,
        "baseAmount": 12751.899773,
        "baseSymbol": "CWLUNC",
        "pairId": "amplunc-cwlunc",
        "price": 1.3454659019639432,
        "sourceContract": "terra132qwlqxffksjfg6ntzp4m5786lrlmgrufzx5c6",
        "sourcePairId": "amplunc-cwlunc-ref-1",
        "sourceType": "reference",
        "timestamp": "2026-04-23T19:45:53Z",
        "tokenAmount": 9477.683347,
        "tokenSymbol": "AMPLUNC",
        "txhash": "250A151132EAF845BB1FC87403EC517CDE3C16E307305579F013C0977C333120",
        "type": "SELL",
        "value": 12751.899773,
        "wallet": "terra1ydeh9exz82qrzw82ycjr6n462u5ldt8m8qt4rh"
      },
      {
        "amount": 61.955922,
        "baseAmount": 81.230312,
        "baseSymbol": "CWLUNC",
        "pairId": "amplunc-cwlunc",
        "price": 1.311098428976652,
        "sourceContract": "terra12gkp648mkgj6esr5y6dwc2q4mftnfzk2pudka8",
        "sourcePairId": "amplunc-cwlunc-ref-2",
        "sourceType": "reference",
        "timestamp": "2026-04-23T07:29:08Z",
        "tokenAmount": 61.955922,
        "tokenSymbol": "AMPLUNC",
        "txhash": "A2446B0BC06B78A889AAF53430A65D80A57C0291B80CFC0ED87EB367898724B5",
        "type": "SELL",
        "value": 81.230312,
        "wallet": "terra1g3zc8lwwmkrm0cz9wkgl849pdqaw6cq8lh7872"
      },
      {
        "amount": 8890.138446,
        "baseAmount": 11694.755967,
        "baseSymbol": "CWLUNC",
        "pairId": "amplunc-cwlunc",
        "price": 1.315475123141856,
        "sourceContract": "terra12gkp648mkgj6esr5y6dwc2q4mftnfzk2pudka8",
        "sourcePairId": "amplunc-cwlunc-ref-2",
        "sourceType": "reference",
        "timestamp": "2026-04-22T16:24:48Z",
        "tokenAmount": 8890.138446,
        "tokenSymbol": "AMPLUNC",
        "txhash": "4E537BDC453503AB3944A194223C3F6EDCBFC1D7F8E6B809AB45536B2C7EFCB7",
        "type": "SELL",
        "value": 11694.755967,
        "wallet": "terra1g3zc8lwwmkrm0cz9wkgl849pdqaw6cq8lh7872"
      },
      {
        "amount": 8147.318522,
        "baseAmount": 10785.999342,
        "baseSymbol": "CWLUNC",
        "pairId": "amplunc-cwlunc",
        "price": 1.323871076462131,
        "sourceContract": "terra12gkp648mkgj6esr5y6dwc2q4mftnfzk2pudka8",
        "sourcePairId": "amplunc-cwlunc-ref-2",
        "sourceType": "reference",
        "timestamp": "2026-04-22T13:39:14Z",
        "tokenAmount": 8147.318522,
        "tokenSymbol": "AMPLUNC",
        "txhash": "5FC473FEDB175D38BFFBEC67ABCA4D7F69B710DED2E20797F1B83B5D0B8B6D69",
        "type": "SELL",
        "value": 10785.999342,
        "wallet": "terra1q7a9kg5xusufjfjp3v8ghsc7urfrlj8m99hlwh"
      },
      {
        "amount": 74492.830308,
        "baseAmount": 100000.0,
        "baseSymbol": "CWLUNC",
        "pairId": "amplunc-cwlunc",
        "price": 1.3424110694483937,
        "sourceContract": "terra132qwlqxffksjfg6ntzp4m5786lrlmgrufzx5c6",
        "sourcePairId": "amplunc-cwlunc-ref-1",
        "sourceType": "reference",
        "timestamp": "2026-04-22T13:38:20Z",
        "tokenAmount": 74492.830308,
        "tokenSymbol": "AMPLUNC",
        "txhash": "FB35C3A8249C60E0D0AD1E21F3A9031355B4659D4DC01241BF21B5609BBE2579",
        "type": "BUY",
        "value": 100000.0,
        "wallet": "terra10fsmdspfdukffwv0lrjm6gc9w3fcrl9fe076cl"
      },
      {
        "amount": 1551.757883,
        "baseAmount": 2062.96864,
        "baseSymbol": "CWLUNC",
        "pairId": "amplunc-cwlunc",
        "price": 1.3294397680208208,
        "sourceContract": "terra132qwlqxffksjfg6ntzp4m5786lrlmgrufzx5c6",
        "sourcePairId": "amplunc-cwlunc-ref-1",
        "sourceType": "reference",
        "timestamp": "2026-04-21T23:56:31Z",
        "tokenAmount": 1551.757883,
        "tokenSymbol": "AMPLUNC",
        "txhash": "6CD9E0832D3F918244B2E0ED378A839958863800453E40A90F7DE6FCFE57DA0F",
        "type": "BUY",
        "value": 2062.96864,
        "wallet": "terra1ydeh9exz82qrzw82ycjr6n462u5ldt8m8qt4rh"
      },
      {
        "amount": 37813.387284,
        "baseAmount": 50199.600611,
        "baseSymbol": "CWLUNC",
        "pairId": "amplunc-cwlunc",
        "price": 1.3275615917181,
        "sourceContract": "terra132qwlqxffksjfg6ntzp4m5786lrlmgrufzx5c6",
        "sourcePairId": "amplunc-cwlunc-ref-1",
        "sourceType": "reference",
        "timestamp": "2026-04-21T23:56:02Z",
        "tokenAmount": 37813.387284,
        "tokenSymbol": "AMPLUNC",
        "txhash": "3EDF2F6AD7AE9B010C66303E377AA68C807C209D5EE6A93E281FE7C3CA50C71C",
        "type": "SELL",
        "value": 50199.600611,
        "wallet": "terra1gygragtv7rhv86scnq4lkw0kw499939qer9ur5"
      },
      {
        "amount": 56720.080925,
        "baseAmount": 76211.043518,
        "baseSymbol": "CWLUNC",
        "pairId": "amplunc-cwlunc",
        "price": 1.3436342521931972,
        "sourceContract": "terra132qwlqxffksjfg6ntzp4m5786lrlmgrufzx5c6",
        "sourcePairId": "amplunc-cwlunc-ref-1",
        "sourceType": "reference",
        "timestamp": "2026-04-21T23:55:10Z",
        "tokenAmount": 56720.080925,
        "tokenSymbol": "AMPLUNC",
        "txhash": "6EF74133A27D60EEC1655A5A3CE0A04BF1FDE100B1BF078E2E49B06B65CC60DC",
        "type": "SELL",
        "value": 76211.043518,
        "wallet": "terra1gygragtv7rhv86scnq4lkw0kw499939qer9ur5"
      },
      {
        "amount": 56720.080925,
        "baseAmount": 77326.594218,
        "baseSymbol": "CWLUNC",
        "pairId": "amplunc-cwlunc",
        "price": 1.3633019022001684,
        "sourceContract": "terra132qwlqxffksjfg6ntzp4m5786lrlmgrufzx5c6",
        "sourcePairId": "amplunc-cwlunc-ref-1",
        "sourceType": "reference",
        "timestamp": "2026-04-21T23:53:59Z",
        "tokenAmount": 56720.080925,
        "tokenSymbol": "AMPLUNC",
        "txhash": "07F7AB5A48B239B5B100C87368ED838A003141B359DC062A9F014E8304D97789",
        "type": "SELL",
        "value": 77326.594218,
        "wallet": "terra1gygragtv7rhv86scnq4lkw0kw499939qer9ur5"
      },
      {
        "amount": 56720.080925,
        "baseAmount": 78466.827486,
        "baseSymbol": "CWLUNC",
        "pairId": "amplunc-cwlunc",
        "price": 1.3834047167484713,
        "sourceContract": "terra132qwlqxffksjfg6ntzp4m5786lrlmgrufzx5c6",
        "sourcePairId": "amplunc-cwlunc-ref-1",
        "sourceType": "reference",
        "timestamp": "2026-04-21T23:53:17Z",
        "tokenAmount": 56720.080925,
        "tokenSymbol": "AMPLUNC",
        "txhash": "50B96FAC7F6941C83A35CC37CC89461D09E910BF1A92E6DCC94CE32BA86D95DF",
        "type": "SELL",
        "value": 78466.827486,
        "wallet": "terra1gygragtv7rhv86scnq4lkw0kw499939qer9ur5"
      },
      {
        "amount": 37813.387283,
        "baseAmount": 52957.332945,
        "baseSymbol": "CWLUNC",
        "pairId": "amplunc-cwlunc",
        "price": 1.4004916446300055,
        "sourceContract": "terra132qwlqxffksjfg6ntzp4m5786lrlmgrufzx5c6",
        "sourcePairId": "amplunc-cwlunc-ref-1",
        "sourceType": "reference",
        "timestamp": "2026-04-21T23:52:36Z",
        "tokenAmount": 37813.387283,
        "tokenSymbol": "AMPLUNC",
        "txhash": "D8DEEE4B93B424419CD5963E22F59B290D8E018698532D11DBD1892198D78881",
        "type": "SELL",
        "value": 52957.332945,
        "wallet": "terra1gygragtv7rhv86scnq4lkw0kw499939qer9ur5"
      },
      {
        "amount": 75626.774567,
        "baseAmount": 107499.310855,
        "baseSymbol": "CWLUNC",
        "pairId": "amplunc-cwlunc",
        "price": 1.4214451359387696,
        "sourceContract": "terra132qwlqxffksjfg6ntzp4m5786lrlmgrufzx5c6",
        "sourcePairId": "amplunc-cwlunc-ref-1",
        "sourceType": "reference",
        "timestamp": "2026-04-21T23:51:19Z",
        "tokenAmount": 75626.774567,
        "tokenSymbol": "AMPLUNC",
        "txhash": "EFC1760911CB9A3881450ECBD84F6700DA5A728C15921A4A57E6E45DB820273E",
        "type": "SELL",
        "value": 107499.310855,
        "wallet": "terra1gygragtv7rhv86scnq4lkw0kw499939qer9ur5"
      },
      {
        "amount": 75626.774567,
        "baseAmount": 109666.139796,
        "baseSymbol": "CWLUNC",
        "pairId": "amplunc-cwlunc",
        "price": 1.4500967471360757,
        "sourceContract": "terra132qwlqxffksjfg6ntzp4m5786lrlmgrufzx5c6",
        "sourcePairId": "amplunc-cwlunc-ref-1",
        "sourceType": "reference",
        "timestamp": "2026-04-21T23:50:20Z",
        "tokenAmount": 75626.774567,
        "tokenSymbol": "AMPLUNC",
        "txhash": "0F3604B26750D7A2DD01E0F2643C9A0AF702ABEAEEE1605B1C629C934A73462F",
        "type": "SELL",
        "value": 109666.139796,
        "wallet": "terra1gygragtv7rhv86scnq4lkw0kw499939qer9ur5"
      },
      {
        "amount": 699.147409,
        "baseAmount": 1024.154883,
        "baseSymbol": "CWLUNC",
        "pairId": "amplunc-cwlunc",
        "price": 1.464862588084053,
        "sourceContract": "terra132qwlqxffksjfg6ntzp4m5786lrlmgrufzx5c6",
        "sourcePairId": "amplunc-cwlunc-ref-1",
        "sourceType": "reference",
        "timestamp": "2026-04-21T23:19:52Z",
        "tokenAmount": 699.147409,
        "tokenSymbol": "AMPLUNC",
        "txhash": "8CD869E45D56ED8C19DB914F9A1B8AC6EF2271827499D89C879B03B0301A3812",
        "type": "SELL",
        "value": 1024.154883,
        "wallet": "terra10fsmdspfdukffwv0lrjm6gc9w3fcrl9fe076cl"
      },
      {
        "amount": 558.3845,
        "baseAmount": 818.093681,
        "baseSymbol": "CWLUNC",
        "pairId": "amplunc-cwlunc",
        "price": 1.4651081485965316,
        "sourceContract": "terra132qwlqxffksjfg6ntzp4m5786lrlmgrufzx5c6",
        "sourcePairId": "amplunc-cwlunc-ref-1",
        "sourceType": "reference",
        "timestamp": "2026-04-21T23:17:54Z",
        "tokenAmount": 558.3845,
        "tokenSymbol": "AMPLUNC",
        "txhash": "E32DD64F904A3E692E9032D9E030688974F990E3F5597BFE8DCED36A2CB4D65C",
        "type": "SELL",
        "value": 818.093681,
        "wallet": "terra10fsmdspfdukffwv0lrjm6gc9w3fcrl9fe076cl"
      },
      {
        "amount": 802.257668,
        "baseAmount": 1175.6074,
        "baseSymbol": "CWLUNC",
        "pairId": "amplunc-cwlunc",
        "price": 1.4653738404654304,
        "sourceContract": "terra132qwlqxffksjfg6ntzp4m5786lrlmgrufzx5c6",
        "sourcePairId": "amplunc-cwlunc-ref-1",
        "sourceType": "reference",
        "timestamp": "2026-04-21T23:15:50Z",
        "tokenAmount": 802.257668,
        "tokenSymbol": "AMPLUNC",
        "txhash": "C01093D78B24AE5C3CD30022B35A08358E8A6F9978AFE9520D7B0AA17FFA3BB2",
        "type": "SELL",
        "value": 1175.6074,
        "wallet": "terra10fsmdspfdukffwv0lrjm6gc9w3fcrl9fe076cl"
      },
      {
        "amount": 1439.926884,
        "baseAmount": 2110.661798,
        "baseSymbol": "CWLUNC",
        "pairId": "amplunc-cwlunc",
        "price": 1.4658117863156725,
        "sourceContract": "terra132qwlqxffksjfg6ntzp4m5786lrlmgrufzx5c6",
        "sourcePairId": "amplunc-cwlunc-ref-1",
        "sourceType": "reference",
        "timestamp": "2026-04-21T22:59:59Z",
        "tokenAmount": 1439.926884,
        "tokenSymbol": "AMPLUNC",
        "txhash": "F5F68F2D7E63F74D36C93EA5F1FF609CBDDC7F1D02F04F1D89134586362ED01B",
        "type": "SELL",
        "value": 2110.661798,
        "wallet": "terra10fsmdspfdukffwv0lrjm6gc9w3fcrl9fe076cl"
      },
      {
        "amount": 9002.527332,
        "baseAmount": 13214.391972,
        "baseSymbol": "CWLUNC",
        "pairId": "amplunc-cwlunc",
        "price": 1.4678535798529249,
        "sourceContract": "terra132qwlqxffksjfg6ntzp4m5786lrlmgrufzx5c6",
        "sourcePairId": "amplunc-cwlunc-ref-1",
        "sourceType": "reference",
        "timestamp": "2026-04-21T21:46:29Z",
        "tokenAmount": 9002.527332,
        "tokenSymbol": "AMPLUNC",
        "txhash": "BA1BB89645F3901D84E5297541E014A9645CF139B60FF959F85302F02E753E2A",
        "type": "SELL",
        "value": 13214.391972,
        "wallet": "terra1ydeh9exz82qrzw82ycjr6n462u5ldt8m8qt4rh"
      },
      {
        "amount": 10806.414342,
        "baseAmount": 15487.909529,
        "baseSymbol": "CWLUNC",
        "pairId": "amplunc-cwlunc",
        "price": 1.4332144815884944,
        "sourceContract": "terra12gkp648mkgj6esr5y6dwc2q4mftnfzk2pudka8",
        "sourcePairId": "amplunc-cwlunc-ref-2",
        "sourceType": "reference",
        "timestamp": "2026-04-21T21:46:05Z",
        "tokenAmount": 10806.414342,
        "tokenSymbol": "AMPLUNC",
        "txhash": "C49B3592F5F71B67818A6E36FA2B6EFEEB148ED9E83AD45B1B14635BDECB7AA9",
        "type": "SELL",
        "value": 15487.909529,
        "wallet": "terra1q7a9kg5xusufjfjp3v8ghsc7urfrlj8m99hlwh"
      },
      {
        "amount": 129008.072525,
        "baseAmount": 187500.0,
        "baseSymbol": "CWLUNC",
        "pairId": "amplunc-cwlunc",
        "price": 1.4533974218060275,
        "sourceContract": "terra132qwlqxffksjfg6ntzp4m5786lrlmgrufzx5c6",
        "sourcePairId": "amplunc-cwlunc-ref-1",
        "sourceType": "reference",
        "timestamp": "2026-04-21T21:45:59Z",
        "tokenAmount": 129008.072525,
        "tokenSymbol": "AMPLUNC",
        "txhash": "E2B73B95E83A8AD2DAF35A7080DC54E161F7866C2ABE0CDB1DA5A0F801E7312F",
        "type": "BUY",
        "value": 187500.0,
        "wallet": "terra1yz3hv2k3a5z3tuu7fufcf7xvn2aawcu7c2fzdm"
      },
      {
        "amount": 9179.233875,
        "baseAmount": 13051.453601,
        "baseSymbol": "CWLUNC",
        "pairId": "amplunc-cwlunc",
        "price": 1.421845633168378,
        "sourceContract": "terra132qwlqxffksjfg6ntzp4m5786lrlmgrufzx5c6",
        "sourcePairId": "amplunc-cwlunc-ref-1",
        "sourceType": "reference",
        "timestamp": "2026-04-21T21:23:48Z",
        "tokenAmount": 9179.233875,
        "tokenSymbol": "AMPLUNC",
        "txhash": "63F0A6C91881409E908CD0960683A6E26BA210BA8F5BA7338DA74DC393513802",
        "type": "SELL",
        "value": 13051.453601,
        "wallet": "terra1ydeh9exz82qrzw82ycjr6n462u5ldt8m8qt4rh"
      }
    ],
    "amplunc-ustc": [],
    "astro-cwlunc": [
      {
        "amount": 139.169707,
        "baseAmount": 321.0,
        "baseSymbol": "CWLUNC",
        "executionType": "direct",
        "pairId": "astro-cwlunc",
        "price": 2.306536436122554,
        "sourceContract": "terra1udqrxagr6tu0snr89hcyntj3zm0tjra3pslalsvyq6aczmr7aqtsfyyv48",
        "sourcePairId": "astro-cwlunc",
        "sourceType": "primary",
        "timestamp": "2026-04-29T23:47:00Z",
        "tokenAmount": 139.169707,
        "tokenSymbol": "ASTRO",
        "txhash": "6E12396D80A17D1ABE545FEF6BF64324946D3F7D8BD2EF9DF0C5D43DEC1B157D",
        "type": "BUY",
        "value": 321.0,
        "wallet": "terra1nynrxdccq0r9ghrz0sq7tjkkh8wug0ggg4lkzsags8r9dyhf7ypqx5gsr8"
      },
      {
        "amount": 210.639991,
        "baseAmount": 907.214121,
        "baseSymbol": "CWLUNC",
        "pairId": "astro-cwlunc",
        "price": 4.306941510456103,
        "sourceContract": "terra1udqrxagr6tu0snr89hcyntj3zm0tjra3pslalsvyq6aczmr7aqtsfyyv48",
        "sourcePairId": "astro-cwlunc",
        "sourceType": "primary",
        "timestamp": "2026-04-29T03:23:31Z",
        "tokenAmount": 210.639991,
        "tokenSymbol": "ASTRO",
        "txhash": "0708252269F1C2D8FC582C5255CB0884E99569972ACEC3E10D468C436E425322",
        "type": "BUY",
        "value": 907.214121,
        "wallet": "terra1nynrxdccq0r9ghrz0sq7tjkkh8wug0ggg4lkzsags8r9dyhf7ypqx5gsr8"
      },
      {
        "amount": 1351.632304,
        "baseAmount": 11124.073086,
        "baseSymbol": "CWLUNC",
        "pairId": "astro-cwlunc",
        "price": 8.230103004404073,
        "sourceContract": "terra1nujm9zqa4hpaz9s8wrhrp86h3m9xwprjt9kmf9",
        "sourcePairId": "astro-cwlunc-ref-1",
        "sourceType": "reference",
        "timestamp": "2026-04-28T07:06:14Z",
        "tokenAmount": 1351.632304,
        "tokenSymbol": "ASTRO",
        "txhash": "E91791D43475C5EDA16F2764B1E48C5F95EA3CAA16851DB98BB696AE6455001C",
        "type": "SELL",
        "value": 11124.073086,
        "wallet": "terra1ydeh9exz82qrzw82ycjr6n462u5ldt8m8qt4rh"
      },
      {
        "amount": 1351.596222,
        "baseAmount": 11363.110985,
        "baseSymbol": "CWLUNC",
        "pairId": "astro-cwlunc",
        "price": 8.407178712134636,
        "sourceContract": "terra1nujm9zqa4hpaz9s8wrhrp86h3m9xwprjt9kmf9",
        "sourcePairId": "astro-cwlunc-ref-1",
        "sourceType": "reference",
        "timestamp": "2026-04-28T00:44:53Z",
        "tokenAmount": 1351.596222,
        "tokenSymbol": "ASTRO",
        "txhash": "870136E3C2658535875A670C29F019A69BDA3D219B4389B8ADE8C796010819BA",
        "type": "SELL",
        "value": 11363.110985,
        "wallet": "terra1ydeh9exz82qrzw82ycjr6n462u5ldt8m8qt4rh"
      },
      {
        "amount": 1299.02133,
        "baseAmount": 11153.919894,
        "baseSymbol": "CWLUNC",
        "pairId": "astro-cwlunc",
        "price": 8.586402421890948,
        "sourceContract": "terra1nujm9zqa4hpaz9s8wrhrp86h3m9xwprjt9kmf9",
        "sourcePairId": "astro-cwlunc-ref-1",
        "sourceType": "reference",
        "timestamp": "2026-04-27T23:24:12Z",
        "tokenAmount": 1299.02133,
        "tokenSymbol": "ASTRO",
        "txhash": "2B0FD4B6595942FD3C1CA3ACF3E56B5EB82DC9038875C75CC2EE62095DA0A6D9",
        "type": "SELL",
        "value": 11153.919894,
        "wallet": "terra1ydeh9exz82qrzw82ycjr6n462u5ldt8m8qt4rh"
      },
      {
        "amount": 1308.136689,
        "baseAmount": 11470.210263,
        "baseSymbol": "CWLUNC",
        "pairId": "astro-cwlunc",
        "price": 8.7683575878973,
        "sourceContract": "terra1nujm9zqa4hpaz9s8wrhrp86h3m9xwprjt9kmf9",
        "sourcePairId": "astro-cwlunc-ref-1",
        "sourceType": "reference",
        "timestamp": "2026-04-27T20:46:24Z",
        "tokenAmount": 1308.136689,
        "tokenSymbol": "ASTRO",
        "txhash": "6E6B0CD84AB9CC31929F699935E68A6EAE8A45EFE8E411B4EEEF2B2ABB6D8F9D",
        "type": "SELL",
        "value": 11470.210263,
        "wallet": "terra1ydeh9exz82qrzw82ycjr6n462u5ldt8m8qt4rh"
      },
      {
        "amount": 1288.884416,
        "baseAmount": 11542.488069,
        "baseSymbol": "CWLUNC",
        "pairId": "astro-cwlunc",
        "price": 8.955409752584051,
        "sourceContract": "terra1nujm9zqa4hpaz9s8wrhrp86h3m9xwprjt9kmf9",
        "sourcePairId": "astro-cwlunc-ref-1",
        "sourceType": "reference",
        "timestamp": "2026-04-27T08:29:12Z",
        "tokenAmount": 1288.884416,
        "tokenSymbol": "ASTRO",
        "txhash": "0F842F14E393CFE019FC52A59F96108BF6FDA9B0AC73944B1C01557287E8666F",
        "type": "SELL",
        "value": 11542.488069,
        "wallet": "terra1ydeh9exz82qrzw82ycjr6n462u5ldt8m8qt4rh"
      },
      {
        "amount": 1247.735835,
        "baseAmount": 11409.227916,
        "baseSymbol": "CWLUNC",
        "pairId": "astro-cwlunc",
        "price": 9.143945053080888,
        "sourceContract": "terra1nujm9zqa4hpaz9s8wrhrp86h3m9xwprjt9kmf9",
        "sourcePairId": "astro-cwlunc-ref-1",
        "sourceType": "reference",
        "timestamp": "2026-04-27T06:47:23Z",
        "tokenAmount": 1247.735835,
        "tokenSymbol": "ASTRO",
        "txhash": "267BD8EE63DA4F62969E56C9629C31E2D9FA4400FE9EE32F6866E0941B4BFA27",
        "type": "SELL",
        "value": 11409.227916,
        "wallet": "terra1ydeh9exz82qrzw82ycjr6n462u5ldt8m8qt4rh"
      },
      {
        "amount": 113.232296,
        "baseAmount": 123.0,
        "baseSymbol": "CWLUNC",
        "pairId": "astro-cwlunc",
        "price": 1.08626252707973,
        "sourceContract": "terra1udqrxagr6tu0snr89hcyntj3zm0tjra3pslalsvyq6aczmr7aqtsfyyv48",
        "sourcePairId": "astro-cwlunc",
        "sourceType": "primary",
        "timestamp": "2026-04-27T01:15:44Z",
        "tokenAmount": 113.232296,
        "tokenSymbol": "ASTRO",
        "txhash": "6EDF3DBF10E9766C278157A5432CABC7BE877E3DA8B9892BD272F8CB52926C8D",
        "type": "BUY",
        "value": 123.0,
        "wallet": "terra1nynrxdccq0r9ghrz0sq7tjkkh8wug0ggg4lkzsags8r9dyhf7ypqx5gsr8"
      },
      {
        "amount": 1249.074569,
        "baseAmount": 11660.62572,
        "baseSymbol": "CWLUNC",
        "pairId": "astro-cwlunc",
        "price": 9.335411999729857,
        "sourceContract": "terra1nujm9zqa4hpaz9s8wrhrp86h3m9xwprjt9kmf9",
        "sourcePairId": "astro-cwlunc-ref-1",
        "sourceType": "reference",
        "timestamp": "2026-04-26T23:02:42Z",
        "tokenAmount": 1249.074569,
        "tokenSymbol": "ASTRO",
        "txhash": "A24278F798C2654558D84A0840FACECBAFF3DC05BF68F0F1D07EF7A08EA28291",
        "type": "SELL",
        "value": 11660.62572,
        "wallet": "terra1ydeh9exz82qrzw82ycjr6n462u5ldt8m8qt4rh"
      },
      {
        "amount": 1230.208235,
        "baseAmount": 11725.782723,
        "baseSymbol": "CWLUNC",
        "pairId": "astro-cwlunc",
        "price": 9.531543026128418,
        "sourceContract": "terra1nujm9zqa4hpaz9s8wrhrp86h3m9xwprjt9kmf9",
        "sourcePairId": "astro-cwlunc-ref-1",
        "sourceType": "reference",
        "timestamp": "2026-04-26T22:12:23Z",
        "tokenAmount": 1230.208235,
        "tokenSymbol": "ASTRO",
        "txhash": "BAF956DE0BD206A32C5FF8100AD5117C2EEDA857C55324546D09E2AA94AD2E40",
        "type": "SELL",
        "value": 11725.782723,
        "wallet": "terra1ydeh9exz82qrzw82ycjr6n462u5ldt8m8qt4rh"
      },
      {
        "amount": 1210.007849,
        "baseAmount": 11774.203227,
        "baseSymbol": "CWLUNC",
        "pairId": "astro-cwlunc",
        "price": 9.730683347823472,
        "sourceContract": "terra1nujm9zqa4hpaz9s8wrhrp86h3m9xwprjt9kmf9",
        "sourcePairId": "astro-cwlunc-ref-1",
        "sourceType": "reference",
        "timestamp": "2026-04-26T20:44:23Z",
        "tokenAmount": 1210.007849,
        "tokenSymbol": "ASTRO",
        "txhash": "DD5BF0B5D151A69852240786331DB1375EB7DBBE94E1E843D5C0145AEC643394",
        "type": "SELL",
        "value": 11774.203227,
        "wallet": "terra1ydeh9exz82qrzw82ycjr6n462u5ldt8m8qt4rh"
      },
      {
        "amount": 1192.443264,
        "baseAmount": 11844.425015,
        "baseSymbol": "CWLUNC",
        "pairId": "astro-cwlunc",
        "price": 9.932904459763044,
        "sourceContract": "terra1nujm9zqa4hpaz9s8wrhrp86h3m9xwprjt9kmf9",
        "sourcePairId": "astro-cwlunc-ref-1",
        "sourceType": "reference",
        "timestamp": "2026-04-26T18:08:42Z",
        "tokenAmount": 1192.443264,
        "tokenSymbol": "ASTRO",
        "txhash": "42A9ACC7BC87F4834997138FC00B22A1D37BE3E3B5D4B0F4C25F7B6AB13B7846",
        "type": "SELL",
        "value": 11844.425015,
        "wallet": "terra1ydeh9exz82qrzw82ycjr6n462u5ldt8m8qt4rh"
      },
      {
        "amount": 1174.602033,
        "baseAmount": 11908.556879,
        "baseSymbol": "CWLUNC",
        "pairId": "astro-cwlunc",
        "price": 10.138375845123369,
        "sourceContract": "terra1nujm9zqa4hpaz9s8wrhrp86h3m9xwprjt9kmf9",
        "sourcePairId": "astro-cwlunc-ref-1",
        "sourceType": "reference",
        "timestamp": "2026-04-25T22:25:57Z",
        "tokenAmount": 1174.602033,
        "tokenSymbol": "ASTRO",
        "txhash": "371C0C9AAD7F580E12FD09271332BB641C7F8AF2393B5138AFECFBF782462DD2",
        "type": "SELL",
        "value": 11908.556879,
        "wallet": "terra1ydeh9exz82qrzw82ycjr6n462u5ldt8m8qt4rh"
      },
      {
        "amount": 1152.286045,
        "baseAmount": 11922.288241,
        "baseSymbol": "CWLUNC",
        "pairId": "astro-cwlunc",
        "price": 10.34663944142446,
        "sourceContract": "terra1nujm9zqa4hpaz9s8wrhrp86h3m9xwprjt9kmf9",
        "sourcePairId": "astro-cwlunc-ref-1",
        "sourceType": "reference",
        "timestamp": "2026-04-24T01:48:49Z",
        "tokenAmount": 1152.286045,
        "tokenSymbol": "ASTRO",
        "txhash": "FF54F44C818F758EBFB03FC3515A4940E66FAEBCCB4AD26131436D9046D4D24D",
        "type": "SELL",
        "value": 11922.288241,
        "wallet": "terra1ydeh9exz82qrzw82ycjr6n462u5ldt8m8qt4rh"
      },
      {
        "amount": 1138.843583,
        "baseAmount": 12023.958115,
        "baseSymbol": "CWLUNC",
        "pairId": "astro-cwlunc",
        "price": 10.558041766654094,
        "sourceContract": "terra1nujm9zqa4hpaz9s8wrhrp86h3m9xwprjt9kmf9",
        "sourcePairId": "astro-cwlunc-ref-1",
        "sourceType": "reference",
        "timestamp": "2026-04-23T23:42:13Z",
        "tokenAmount": 1138.843583,
        "tokenSymbol": "ASTRO",
        "txhash": "EA8957C9410F74D7D856BE585CC458700C580920ED46C88B492884F14C2ED088",
        "type": "SELL",
        "value": 12023.958115,
        "wallet": "terra1ydeh9exz82qrzw82ycjr6n462u5ldt8m8qt4rh"
      },
      {
        "amount": 1104.715928,
        "baseAmount": 11737.359849,
        "baseSymbol": "CWLUNC",
        "pairId": "astro-cwlunc",
        "price": 10.62477651630275,
        "sourceContract": "terra1nujm9zqa4hpaz9s8wrhrp86h3m9xwprjt9kmf9",
        "sourcePairId": "astro-cwlunc-ref-1",
        "sourceType": "reference",
        "timestamp": "2026-04-15T14:44:07Z",
        "tokenAmount": 1104.715928,
        "tokenSymbol": "ASTRO",
        "txhash": "BEAD3303DBD8C6F00ECC94D5047C6D6144EB1B339731FA402EEC6BBAAB953C36",
        "type": "BUY",
        "value": 11737.359849,
        "wallet": "terra1ydeh9exz82qrzw82ycjr6n462u5ldt8m8qt4rh"
      },
      {
        "amount": 236.0454,
        "baseAmount": 2473.63845,
        "baseSymbol": "CWLUNC",
        "pairId": "astro-cwlunc",
        "price": 10.479502883767275,
        "sourceContract": "terra1nujm9zqa4hpaz9s8wrhrp86h3m9xwprjt9kmf9",
        "sourcePairId": "astro-cwlunc-ref-1",
        "sourceType": "reference",
        "timestamp": "2026-04-14T16:42:09Z",
        "tokenAmount": 236.0454,
        "tokenSymbol": "ASTRO",
        "txhash": "0907859B7EBF6A20B4A6743F1E7F6E818CC2A349F96534CCE32353C726A634F4",
        "type": "SELL",
        "value": 2473.63845,
        "wallet": "terra1ydeh9exz82qrzw82ycjr6n462u5ldt8m8qt4rh"
      },
      {
        "amount": 1138.785328,
        "baseAmount": 12080.475313,
        "baseSymbol": "CWLUNC",
        "pairId": "astro-cwlunc",
        "price": 10.608211236982148,
        "sourceContract": "terra1nujm9zqa4hpaz9s8wrhrp86h3m9xwprjt9kmf9",
        "sourcePairId": "astro-cwlunc-ref-1",
        "sourceType": "reference",
        "timestamp": "2026-04-14T03:42:55Z",
        "tokenAmount": 1138.785328,
        "tokenSymbol": "ASTRO",
        "txhash": "5657B5C498D5D2CD5D346966A3E6978FBD9D774D5F53C0D78CE2194A393720FF",
        "type": "SELL",
        "value": 12080.475313,
        "wallet": "terra1ydeh9exz82qrzw82ycjr6n462u5ldt8m8qt4rh"
      },
      {
        "amount": 92.772429,
        "baseAmount": 1000.0,
        "baseSymbol": "CWLUNC",
        "pairId": "astro-cwlunc",
        "price": 10.779064542979683,
        "sourceContract": "terra1udqrxagr6tu0snr89hcyntj3zm0tjra3pslalsvyq6aczmr7aqtsfyyv48",
        "sourcePairId": "astro-cwlunc",
        "sourceType": "primary",
        "timestamp": "2026-04-13T19:57:18Z",
        "tokenAmount": 92.772429,
        "tokenSymbol": "ASTRO",
        "txhash": "8C969AF1FBBD6C332F882D67D20CF97C1288F51CA4ECC2827C70AE6266F0EE8E",
        "type": "BUY",
        "value": 1000.0,
        "wallet": "terra1ypxlst5h5e4d64zun5nw8j9xzmghuemflu7m5h"
      },
      {
        "amount": 158.615229,
        "baseAmount": 1710.734601,
        "baseSymbol": "CWLUNC",
        "pairId": "astro-cwlunc",
        "price": 10.785437260882434,
        "sourceContract": "terra1udqrxagr6tu0snr89hcyntj3zm0tjra3pslalsvyq6aczmr7aqtsfyyv48",
        "sourcePairId": "astro-cwlunc",
        "sourceType": "primary",
        "timestamp": "2026-04-13T19:56:36Z",
        "tokenAmount": 158.615229,
        "tokenSymbol": "ASTRO",
        "txhash": "9B15978F01A8088EFF0D62DEE8AD8E611BDE4E0D9FF0900DB57DFDF0D369BEB6",
        "type": "BUY",
        "value": 1710.734601,
        "wallet": "terra1nynrxdccq0r9ghrz0sq7tjkkh8wug0ggg4lkzsags8r9dyhf7ypqx5gsr8"
      },
      {
        "amount": 92.772429,
        "baseAmount": 1000.0,
        "baseSymbol": "CWLUNC",
        "pairId": "astro-cwlunc",
        "price": 10.779064542979683,
        "sourceContract": "terra1udqrxagr6tu0snr89hcyntj3zm0tjra3pslalsvyq6aczmr7aqtsfyyv48",
        "sourcePairId": "astro-cwlunc",
        "sourceType": "primary",
        "timestamp": "2026-04-13T19:29:14Z",
        "tokenAmount": 92.772429,
        "tokenSymbol": "ASTRO",
        "txhash": "E59103C49A461357462337BE981CDC9EA532852C15CAE6481C2A7528C756F1AE",
        "type": "BUY",
        "value": 1000.0,
        "wallet": "terra1ypxlst5h5e4d64zun5nw8j9xzmghuemflu7m5h"
      },
      {
        "amount": 1112.749559,
        "baseAmount": 12044.260627,
        "baseSymbol": "CWLUNC",
        "pairId": "astro-cwlunc",
        "price": 10.823873646666616,
        "sourceContract": "terra1nujm9zqa4hpaz9s8wrhrp86h3m9xwprjt9kmf9",
        "sourcePairId": "astro-cwlunc-ref-1",
        "sourceType": "reference",
        "timestamp": "2026-04-13T12:06:27Z",
        "tokenAmount": 1112.749559,
        "tokenSymbol": "ASTRO",
        "txhash": "9162BBE309AF7BEDB2CD144BA7EB7728D635321BBC9C733FC633DDFD69ED457A",
        "type": "SELL",
        "value": 12044.260627,
        "wallet": "terra1ydeh9exz82qrzw82ycjr6n462u5ldt8m8qt4rh"
      },
      {
        "amount": 1079.846665,
        "baseAmount": 11921.802129,
        "baseSymbol": "CWLUNC",
        "pairId": "astro-cwlunc",
        "price": 11.04027313822375,
        "sourceContract": "terra1nujm9zqa4hpaz9s8wrhrp86h3m9xwprjt9kmf9",
        "sourcePairId": "astro-cwlunc-ref-1",
        "sourceType": "reference",
        "timestamp": "2026-04-12T11:08:22Z",
        "tokenAmount": 1079.846665,
        "tokenSymbol": "ASTRO",
        "txhash": "84F872DE9B8E89A49E34B5330C2759C1C7FBEE735DD942D33E9DD7634A4CC4E9",
        "type": "SELL",
        "value": 11921.802129,
        "wallet": "terra1ydeh9exz82qrzw82ycjr6n462u5ldt8m8qt4rh"
      },
      {
        "amount": 89.17271,
        "baseAmount": 1000.0,
        "baseSymbol": "CWLUNC",
        "pairId": "astro-cwlunc",
        "price": 11.214193221222054,
        "sourceContract": "terra1udqrxagr6tu0snr89hcyntj3zm0tjra3pslalsvyq6aczmr7aqtsfyyv48",
        "sourcePairId": "astro-cwlunc",
        "sourceType": "primary",
        "timestamp": "2026-04-10T04:55:43Z",
        "tokenAmount": 89.17271,
        "tokenSymbol": "ASTRO",
        "txhash": "527F67ACDC698B07F69C36E0A596654C8FED562B2CC0FE900D82782AE29EDFCC",
        "type": "BUY",
        "value": 1000.0,
        "wallet": "terra17qfdg4k5mdgat2a3ydg6kfj5u6uxcw85gkglwc"
      },
      {
        "amount": 65.686101,
        "baseAmount": 736.458311,
        "baseSymbol": "CWLUNC",
        "pairId": "astro-cwlunc",
        "price": 11.211783007184428,
        "sourceContract": "terra1udqrxagr6tu0snr89hcyntj3zm0tjra3pslalsvyq6aczmr7aqtsfyyv48",
        "sourcePairId": "astro-cwlunc",
        "sourceType": "primary",
        "timestamp": "2026-04-07T05:45:53Z",
        "tokenAmount": 65.686101,
        "tokenSymbol": "ASTRO",
        "txhash": "69B131532D3B78BBFC35AEB52E4376E2040B40CBACC491A39002A690284A7E6C",
        "type": "BUY",
        "value": 736.458311,
        "wallet": "terra1nynrxdccq0r9ghrz0sq7tjkkh8wug0ggg4lkzsags8r9dyhf7ypqx5gsr8"
      },
      {
        "amount": 1079.380223,
        "baseAmount": 12153.604714,
        "baseSymbol": "CWLUNC",
        "pairId": "astro-cwlunc",
        "price": 11.259799332083928,
        "sourceContract": "terra1nujm9zqa4hpaz9s8wrhrp86h3m9xwprjt9kmf9",
        "sourcePairId": "astro-cwlunc-ref-1",
        "sourceType": "reference",
        "timestamp": "2026-04-04T14:30:45Z",
        "tokenAmount": 1079.380223,
        "tokenSymbol": "ASTRO",
        "txhash": "B9EB74574E988CA9FCCFB43253BC63B6F5E961641AFC8E9702915E083FD5A356",
        "type": "SELL",
        "value": 12153.604714,
        "wallet": "terra1ydeh9exz82qrzw82ycjr6n462u5ldt8m8qt4rh"
      },
      {
        "amount": 1071.305866,
        "baseAmount": 12136.167609,
        "baseSymbol": "CWLUNC",
        "pairId": "astro-cwlunc",
        "price": 11.328387152693889,
        "sourceContract": "terra1nujm9zqa4hpaz9s8wrhrp86h3m9xwprjt9kmf9",
        "sourcePairId": "astro-cwlunc-ref-1",
        "sourceType": "reference",
        "timestamp": "2026-04-03T20:42:45Z",
        "tokenAmount": 1071.305866,
        "tokenSymbol": "ASTRO",
        "txhash": "BD54FB3AD640FA157E050DB7387C78ABCC079D2F9D567547CCBE5103AFDE5750",
        "type": "BUY",
        "value": 12136.167609,
        "wallet": "terra1ydeh9exz82qrzw82ycjr6n462u5ldt8m8qt4rh"
      },
      {
        "amount": 1084.736589,
        "baseAmount": 12048.370238,
        "baseSymbol": "CWLUNC",
        "pairId": "astro-cwlunc",
        "price": 11.10718524679543,
        "sourceContract": "terra1nujm9zqa4hpaz9s8wrhrp86h3m9xwprjt9kmf9",
        "sourcePairId": "astro-cwlunc-ref-1",
        "sourceType": "reference",
        "timestamp": "2026-04-03T20:25:25Z",
        "tokenAmount": 1084.736589,
        "tokenSymbol": "ASTRO",
        "txhash": "9FD6A433CA775DBE3C78160809B5B0AED8896E01798DFEB7BEF8197B7D877F6F",
        "type": "BUY",
        "value": 12048.370238,
        "wallet": "terra1ydeh9exz82qrzw82ycjr6n462u5ldt8m8qt4rh"
      },
      {
        "amount": 1082.180769,
        "baseAmount": 11786.377714,
        "baseSymbol": "CWLUNC",
        "pairId": "astro-cwlunc",
        "price": 10.891320610780507,
        "sourceContract": "terra1nujm9zqa4hpaz9s8wrhrp86h3m9xwprjt9kmf9",
        "sourcePairId": "astro-cwlunc-ref-1",
        "sourceType": "reference",
        "timestamp": "2026-04-03T20:19:26Z",
        "tokenAmount": 1082.180769,
        "tokenSymbol": "ASTRO",
        "txhash": "E18F9454C4F7D680670728737B8A4B07B619E70CDBDFF180FFCE795E4EFC9766",
        "type": "BUY",
        "value": 11786.377714,
        "wallet": "terra1ydeh9exz82qrzw82ycjr6n462u5ldt8m8qt4rh"
      },
      {
        "amount": 9.271123,
        "baseAmount": 100.0,
        "baseSymbol": "CWLUNC",
        "pairId": "astro-cwlunc",
        "price": 10.786179840349439,
        "sourceContract": "terra1udqrxagr6tu0snr89hcyntj3zm0tjra3pslalsvyq6aczmr7aqtsfyyv48",
        "sourcePairId": "astro-cwlunc",
        "sourceType": "primary",
        "timestamp": "2026-03-23T19:35:22Z",
        "tokenAmount": 9.271123,
        "tokenSymbol": "ASTRO",
        "txhash": "AA146EADF72011820240894AC77FAC0D22C9DCD31E192596DEF637C100CA53AB",
        "type": "BUY",
        "value": 100.0,
        "wallet": "terra1nynrxdccq0r9ghrz0sq7tjkkh8wug0ggg4lkzsags8r9dyhf7ypqx5gsr8"
      },
      {
        "amount": 73.210388,
        "baseAmount": 790.0,
        "baseSymbol": "CWLUNC",
        "pairId": "astro-cwlunc",
        "price": 10.790818374026376,
        "sourceContract": "terra1udqrxagr6tu0snr89hcyntj3zm0tjra3pslalsvyq6aczmr7aqtsfyyv48",
        "sourcePairId": "astro-cwlunc",
        "sourceType": "primary",
        "timestamp": "2026-03-23T03:31:22Z",
        "tokenAmount": 73.210388,
        "tokenSymbol": "ASTRO",
        "txhash": "D1A68C9189904FBAE083EFA49AEACF49AD9B8C49F3159C93C48CEC90012265D1",
        "type": "BUY",
        "value": 790.0,
        "wallet": "terra1nynrxdccq0r9ghrz0sq7tjkkh8wug0ggg4lkzsags8r9dyhf7ypqx5gsr8"
      },
      {
        "amount": 1117.249853,
        "baseAmount": 11930.673519,
        "baseSymbol": "CWLUNC",
        "pairId": "astro-cwlunc",
        "price": 10.678608269192585,
        "sourceContract": "terra1nujm9zqa4hpaz9s8wrhrp86h3m9xwprjt9kmf9",
        "sourcePairId": "astro-cwlunc-ref-1",
        "sourceType": "reference",
        "timestamp": "2026-03-12T16:31:35Z",
        "tokenAmount": 1117.249853,
        "tokenSymbol": "ASTRO",
        "txhash": "CEDB49261CC19ED14F60CFC8205338E859C60C32489136FF679BD76ACD00FD19",
        "type": "BUY",
        "value": 11930.673519,
        "wallet": "terra1ydeh9exz82qrzw82ycjr6n462u5ldt8m8qt4rh"
      },
      {
        "amount": 650.343446,
        "baseAmount": 6874.140878,
        "baseSymbol": "CWLUNC",
        "pairId": "astro-cwlunc",
        "price": 10.570016381774993,
        "sourceContract": "terra1nujm9zqa4hpaz9s8wrhrp86h3m9xwprjt9kmf9",
        "sourcePairId": "astro-cwlunc-ref-1",
        "sourceType": "reference",
        "timestamp": "2026-03-12T14:14:49Z",
        "tokenAmount": 650.343446,
        "tokenSymbol": "ASTRO",
        "txhash": "0A81FE25BF82190F79AA2BA944B0135B37082CCB9EA37973C0EC764ECA31D182",
        "type": "SELL",
        "value": 6874.140878,
        "wallet": "terra1f6j6jcqjfk3gxg6kfd0v5ht782y625u349kqqz"
      },
      {
        "amount": 99.448001,
        "baseAmount": 1064.341537,
        "baseSymbol": "CWLUNC",
        "pairId": "astro-cwlunc",
        "price": 10.702493024470144,
        "sourceContract": "terra1udqrxagr6tu0snr89hcyntj3zm0tjra3pslalsvyq6aczmr7aqtsfyyv48",
        "sourcePairId": "astro-cwlunc",
        "sourceType": "primary",
        "timestamp": "2026-03-09T03:27:55Z",
        "tokenAmount": 99.448001,
        "tokenSymbol": "ASTRO",
        "txhash": "500A6AE9F0196DD92EDF6129E54D425B4311BAE778A153D436603988434C129B",
        "type": "BUY",
        "value": 1064.341537,
        "wallet": "terra1nynrxdccq0r9ghrz0sq7tjkkh8wug0ggg4lkzsags8r9dyhf7ypqx5gsr8"
      },
      {
        "amount": 100.0,
        "baseAmount": 1062.419539,
        "baseSymbol": "CWLUNC",
        "pairId": "astro-cwlunc",
        "price": 10.62419539,
        "sourceContract": "terra1udqrxagr6tu0snr89hcyntj3zm0tjra3pslalsvyq6aczmr7aqtsfyyv48",
        "sourcePairId": "astro-cwlunc",
        "sourceType": "primary",
        "timestamp": "2026-03-08T00:24:38Z",
        "tokenAmount": 100.0,
        "tokenSymbol": "ASTRO",
        "txhash": "A52C7C2BAF1A38529A5BAF47CE4DDD624B6D9A6B0A039D98DD1F1BE9B468DB92",
        "type": "SELL",
        "value": 1062.419539,
        "wallet": "terra1nynrxdccq0r9ghrz0sq7tjkkh8wug0ggg4lkzsags8r9dyhf7ypqx5gsr8"
      },
      {
        "amount": 93.346553,
        "baseAmount": 999.0,
        "baseSymbol": "CWLUNC",
        "pairId": "astro-cwlunc",
        "price": 10.702055597060987,
        "sourceContract": "terra1udqrxagr6tu0snr89hcyntj3zm0tjra3pslalsvyq6aczmr7aqtsfyyv48",
        "sourcePairId": "astro-cwlunc",
        "sourceType": "primary",
        "timestamp": "2026-03-08T00:19:58Z",
        "tokenAmount": 93.346553,
        "tokenSymbol": "ASTRO",
        "txhash": "88AB94F2918CFA0A09E2D4A003AFDB75222DE8D68EDFC2B585948B769BC8270F",
        "type": "BUY",
        "value": 999.0,
        "wallet": "terra1nynrxdccq0r9ghrz0sq7tjkkh8wug0ggg4lkzsags8r9dyhf7ypqx5gsr8"
      },
      {
        "amount": 21.941483,
        "baseAmount": 233.232073,
        "baseSymbol": "CWLUNC",
        "pairId": "astro-cwlunc",
        "price": 10.629731499917302,
        "sourceContract": "terra1udqrxagr6tu0snr89hcyntj3zm0tjra3pslalsvyq6aczmr7aqtsfyyv48",
        "sourcePairId": "astro-cwlunc",
        "sourceType": "primary",
        "timestamp": "2026-03-07T23:38:36Z",
        "tokenAmount": 21.941483,
        "tokenSymbol": "ASTRO",
        "txhash": "C37D853535FD4CB19CF2CA47757BE7CACBFB455B2D67D3A484814EE12E6F9171",
        "type": "SELL",
        "value": 233.232073,
        "wallet": "terra1nynrxdccq0r9ghrz0sq7tjkkh8wug0ggg4lkzsags8r9dyhf7ypqx5gsr8"
      },
      {
        "amount": 93.439934,
        "baseAmount": 1000.0,
        "baseSymbol": "CWLUNC",
        "pairId": "astro-cwlunc",
        "price": 10.702062353768358,
        "sourceContract": "terra1udqrxagr6tu0snr89hcyntj3zm0tjra3pslalsvyq6aczmr7aqtsfyyv48",
        "sourcePairId": "astro-cwlunc",
        "sourceType": "primary",
        "timestamp": "2026-03-07T23:17:18Z",
        "tokenAmount": 93.439934,
        "tokenSymbol": "ASTRO",
        "txhash": "51887F37DB13A53D414925F8FF8448A2593642DE72BE267B96A7655544B4CA0C",
        "type": "BUY",
        "value": 1000.0,
        "wallet": "terra1nynrxdccq0r9ghrz0sq7tjkkh8wug0ggg4lkzsags8r9dyhf7ypqx5gsr8"
      },
      {
        "amount": 1102.90346,
        "baseAmount": 11841.463069,
        "baseSymbol": "CWLUNC",
        "pairId": "astro-cwlunc",
        "price": 10.73662700178672,
        "sourceContract": "terra1nujm9zqa4hpaz9s8wrhrp86h3m9xwprjt9kmf9",
        "sourcePairId": "astro-cwlunc-ref-1",
        "sourceType": "reference",
        "timestamp": "2026-03-06T18:32:17Z",
        "tokenAmount": 1102.90346,
        "tokenSymbol": "ASTRO",
        "txhash": "78AAEB681027A7F986CC8076853212440DF93038C1C35CC9BE1D5CD0D19F1653",
        "type": "SELL",
        "value": 11841.463069,
        "wallet": "terra1fvlm2alm4twxa45cqlf0d4zcvgfn7qxr6sex69"
      },
      {
        "amount": 551.467354,
        "baseAmount": 6009.457167,
        "baseSymbol": "CWLUNC",
        "pairId": "astro-cwlunc",
        "price": 10.897212905553063,
        "sourceContract": "terra1nujm9zqa4hpaz9s8wrhrp86h3m9xwprjt9kmf9",
        "sourcePairId": "astro-cwlunc-ref-1",
        "sourceType": "reference",
        "timestamp": "2026-03-05T06:03:25Z",
        "tokenAmount": 551.467354,
        "tokenSymbol": "ASTRO",
        "txhash": "AE82DFBEA0356D7C7BF19A40561D231D615CA8FCAAD22C9AA2A0DB4FA0EA21F9",
        "type": "SELL",
        "value": 6009.457167,
        "wallet": "terra1fvlm2alm4twxa45cqlf0d4zcvgfn7qxr6sex69"
      },
      {
        "amount": 26.249399,
        "baseAmount": 289.256656,
        "baseSymbol": "CWLUNC",
        "pairId": "astro-cwlunc",
        "price": 11.019553476252923,
        "sourceContract": "terra1udqrxagr6tu0snr89hcyntj3zm0tjra3pslalsvyq6aczmr7aqtsfyyv48",
        "sourcePairId": "astro-cwlunc",
        "sourceType": "primary",
        "timestamp": "2026-03-05T05:23:38Z",
        "tokenAmount": 26.249399,
        "tokenSymbol": "ASTRO",
        "txhash": "E4D5562BA2C08D07B9E0E12F0CA4470105941EB7F96B2F51CB1A886025A5CDA6",
        "type": "BUY",
        "value": 289.256656,
        "wallet": "terra1nynrxdccq0r9ghrz0sq7tjkkh8wug0ggg4lkzsags8r9dyhf7ypqx5gsr8"
      },
      {
        "amount": 43.026889,
        "baseAmount": 474.191183,
        "baseSymbol": "CWLUNC",
        "pairId": "astro-cwlunc",
        "price": 11.020810335602,
        "sourceContract": "terra1udqrxagr6tu0snr89hcyntj3zm0tjra3pslalsvyq6aczmr7aqtsfyyv48",
        "sourcePairId": "astro-cwlunc",
        "sourceType": "primary",
        "timestamp": "2026-03-04T13:53:08Z",
        "tokenAmount": 43.026889,
        "tokenSymbol": "ASTRO",
        "txhash": "17EA6ECDFC787471853B1332DDA1F9C8A26BECADB859A208FD1DB5C504751CF1",
        "type": "BUY",
        "value": 474.191183,
        "wallet": "terra1nynrxdccq0r9ghrz0sq7tjkkh8wug0ggg4lkzsags8r9dyhf7ypqx5gsr8"
      },
      {
        "amount": 31.953369,
        "baseAmount": 352.125509,
        "baseSymbol": "CWLUNC",
        "pairId": "astro-cwlunc",
        "price": 11.01998067871967,
        "sourceContract": "terra1udqrxagr6tu0snr89hcyntj3zm0tjra3pslalsvyq6aczmr7aqtsfyyv48",
        "sourcePairId": "astro-cwlunc",
        "sourceType": "primary",
        "timestamp": "2026-03-03T06:27:01Z",
        "tokenAmount": 31.953369,
        "tokenSymbol": "ASTRO",
        "txhash": "28781BB55085F1F3784B29A702CE4B31272AD37BBA9F2923ABE33B73915CB56A",
        "type": "BUY",
        "value": 352.125509,
        "wallet": "terra1ghewclqpgu2j2pr76g3m3d945ldfyv58zrucp9"
      },
      {
        "amount": 1075.997366,
        "baseAmount": 11899.474488,
        "baseSymbol": "CWLUNC",
        "pairId": "astro-cwlunc",
        "price": 11.059018231834592,
        "sourceContract": "terra1nujm9zqa4hpaz9s8wrhrp86h3m9xwprjt9kmf9",
        "sourcePairId": "astro-cwlunc-ref-1",
        "sourceType": "reference",
        "timestamp": "2026-02-28T20:15:06Z",
        "tokenAmount": 1075.997366,
        "tokenSymbol": "ASTRO",
        "txhash": "F3752151E8F58E6AEF9F1453B35EDB990721D44BCA8C8E86F0FC28A05278956E",
        "type": "SELL",
        "value": 11899.474488,
        "wallet": "terra1ydeh9exz82qrzw82ycjr6n462u5ldt8m8qt4rh"
      },
      {
        "amount": 88.952907,
        "baseAmount": 1000.0,
        "baseSymbol": "CWLUNC",
        "pairId": "astro-cwlunc",
        "price": 11.241903538914137,
        "sourceContract": "terra1udqrxagr6tu0snr89hcyntj3zm0tjra3pslalsvyq6aczmr7aqtsfyyv48",
        "sourcePairId": "astro-cwlunc",
        "sourceType": "primary",
        "timestamp": "2026-02-28T18:54:14Z",
        "tokenAmount": 88.952907,
        "tokenSymbol": "ASTRO",
        "txhash": "9E4C2352EF8FE9E88D3069A7B45ED0CD391FC0DCF0413F9EBFD649CE80E7F594",
        "type": "BUY",
        "value": 1000.0,
        "wallet": "terra1ghewclqpgu2j2pr76g3m3d945ldfyv58zrucp9"
      },
      {
        "amount": 100.0,
        "baseAmount": 1116.009268,
        "baseSymbol": "CWLUNC",
        "pairId": "astro-cwlunc",
        "price": 11.16009268,
        "sourceContract": "terra1udqrxagr6tu0snr89hcyntj3zm0tjra3pslalsvyq6aczmr7aqtsfyyv48",
        "sourcePairId": "astro-cwlunc",
        "sourceType": "primary",
        "timestamp": "2026-02-28T00:41:13Z",
        "tokenAmount": 100.0,
        "tokenSymbol": "ASTRO",
        "txhash": "22FFE3A8DBF5902D20D7039C4A5CDA0F8352538DD99714369A26F48EF5EA969F",
        "type": "SELL",
        "value": 1116.009268,
        "wallet": "terra1nynrxdccq0r9ghrz0sq7tjkkh8wug0ggg4lkzsags8r9dyhf7ypqx5gsr8"
      },
      {
        "amount": 100.0,
        "baseAmount": 1116.009268,
        "baseSymbol": "CWLUNC",
        "pairId": "astro-cwlunc",
        "price": 11.16009268,
        "sourceContract": "terra1udqrxagr6tu0snr89hcyntj3zm0tjra3pslalsvyq6aczmr7aqtsfyyv48",
        "sourcePairId": "astro-cwlunc",
        "sourceType": "primary",
        "timestamp": "2026-02-28T00:40:34Z",
        "tokenAmount": 100.0,
        "tokenSymbol": "ASTRO",
        "txhash": "AFE80AED212018C6FC3E83508C0E827B5F2301C9942862A53BD79E2B6B53413B",
        "type": "SELL",
        "value": 1116.009268,
        "wallet": "terra1nynrxdccq0r9ghrz0sq7tjkkh8wug0ggg4lkzsags8r9dyhf7ypqx5gsr8"
      },
      {
        "amount": 223.752977,
        "baseAmount": 2517.739249,
        "baseSymbol": "CWLUNC",
        "pairId": "astro-cwlunc",
        "price": 11.25231620493702,
        "sourceContract": "terra1udqrxagr6tu0snr89hcyntj3zm0tjra3pslalsvyq6aczmr7aqtsfyyv48",
        "sourcePairId": "astro-cwlunc",
        "sourceType": "primary",
        "timestamp": "2026-02-28T00:37:47Z",
        "tokenAmount": 223.752977,
        "tokenSymbol": "ASTRO",
        "txhash": "0898AC67D5590C206C0EA458E71E4603A322F7364881F795D88D19CCADEEFB70",
        "type": "BUY",
        "value": 2517.739249,
        "wallet": "terra1nynrxdccq0r9ghrz0sq7tjkkh8wug0ggg4lkzsags8r9dyhf7ypqx5gsr8"
      },
      {
        "amount": 87.52445,
        "baseAmount": 983.931778,
        "baseSymbol": "CWLUNC",
        "pairId": "astro-cwlunc",
        "price": 11.241793327464498,
        "sourceContract": "terra1udqrxagr6tu0snr89hcyntj3zm0tjra3pslalsvyq6aczmr7aqtsfyyv48",
        "sourcePairId": "astro-cwlunc",
        "sourceType": "primary",
        "timestamp": "2026-02-27T13:06:04Z",
        "tokenAmount": 87.52445,
        "tokenSymbol": "ASTRO",
        "txhash": "A382B5381C11ECCB39B6AB1D171E79D38C0D79AB7D068207D537EB51874AB7A8",
        "type": "BUY",
        "value": 983.931778,
        "wallet": "terra1nynrxdccq0r9ghrz0sq7tjkkh8wug0ggg4lkzsags8r9dyhf7ypqx5gsr8"
      }
    ],
    "astro-ustc": [
      {
        "amount": 10.0,
        "baseAmount": 210.639991,
        "baseSymbol": "ASTRO",
        "pairId": "astro-ustc",
        "price": 21.0639991,
        "sourceContract": "terra1nynrxdccq0r9ghrz0sq7tjkkh8wug0ggg4lkzsags8r9dyhf7ypqx5gsr8",
        "sourcePairId": "astro-ustc",
        "sourceType": "primary",
        "timestamp": "2026-04-29T03:23:31Z",
        "tokenAmount": 10.0,
        "tokenSymbol": "USTC",
        "txhash": "0708252269F1C2D8FC582C5255CB0884E99569972ACEC3E10D468C436E425322",
        "type": "SWAP",
        "value": 210.639991,
        "wallet": ""
      }
    ],
    "cwlunc-cwustc": [
      {
        "amount": 116847.272268,
        "baseAmount": 1333.333333,
        "baseSymbol": "CWUSTC",
        "executionType": "direct",
        "pairId": "cwlunc-cwustc",
        "price": 0.011410906794143015,
        "sourceContract": "terra1dlffujgmvdl7tuv3car5n9asfvvqsrxkdtrc2afvemexvnuy2wnsrf5uy0",
        "sourcePairId": "cwlunc-cwustc-ref-3",
        "sourceType": "reference",
        "timestamp": "2026-04-30T00:53:17Z",
        "tokenAmount": 116847.272268,
        "tokenSymbol": "CWLUNC",
        "txhash": "03E43BCB27F9C76A6CB6F272228FDAD3E25F4AB73F1D995C3489B5365E76E290",
        "type": "BUY",
        "value": 1333.333333,
        "wallet": "terra1vzzt4mr4ls6hs30t9n3djtlmguv7y36v7rjnfs4fz99z57uyeqsqt0d2qu"
      },
      {
        "amount": 50000.491847,
        "baseAmount": 570.222303,
        "baseSymbol": "CWUSTC",
        "executionType": "direct",
        "pairId": "cwlunc-cwustc",
        "price": 0.01140433387625192,
        "sourceContract": "terra1l7vy20x940je7lskm6x9s839vjsmekz9k9mv7g",
        "sourcePairId": "cwlunc-cwustc-ref-1",
        "sourceType": "reference",
        "timestamp": "2026-04-30T00:44:40Z",
        "tokenAmount": 50000.491847,
        "tokenSymbol": "CWLUNC",
        "txhash": "49616905EA7948BE5465A2D41D3AECA6CC8C6B20668A7DF88A1077967E720B95",
        "type": "SELL",
        "value": 570.222303,
        "wallet": "terra1t5093kuxya4xw9gxc6r239jmdh024qc8rmnr9v"
      },
      {
        "amount": 314.578266,
        "baseAmount": 3.609948,
        "baseSymbol": "CWUSTC",
        "executionType": "direct",
        "pairId": "cwlunc-cwustc",
        "price": 0.011475516239256021,
        "sourceContract": "terra1l7vy20x940je7lskm6x9s839vjsmekz9k9mv7g",
        "sourcePairId": "cwlunc-cwustc-ref-1",
        "sourceType": "reference",
        "timestamp": "2026-04-30T00:28:04Z",
        "tokenAmount": 314.578266,
        "tokenSymbol": "CWLUNC",
        "txhash": "7D406D5D81F55047DBF45C945C561ACF3E4068D3DA8C8161FBAB345E7A36E0A2",
        "type": "BUY",
        "value": 3.609948,
        "wallet": "terra1htck68eyncw2lvdr5u77j0jtst96fj05rh2nzs"
      },
      {
        "amount": 23064.009039,
        "baseAmount": 263.111378,
        "baseSymbol": "CWUSTC",
        "executionType": "direct",
        "pairId": "cwlunc-cwustc",
        "price": 0.011407876989429409,
        "sourceContract": "terra1l7vy20x940je7lskm6x9s839vjsmekz9k9mv7g",
        "sourcePairId": "cwlunc-cwustc-ref-1",
        "sourceType": "reference",
        "timestamp": "2026-04-30T00:16:06Z",
        "tokenAmount": 23064.009039,
        "tokenSymbol": "CWLUNC",
        "txhash": "49D8DCE3B35C59E56BE56A56475747940884C4466A08B41DE287CE689FBCAB97",
        "type": "SELL",
        "value": 263.111378,
        "wallet": "terra1s7gjppzk47lv6ff3v4hy8a6gjvlq32cty83e8t"
      },
      {
        "amount": 9167.633443,
        "baseAmount": 105.200184,
        "baseSymbol": "CWUSTC",
        "executionType": "direct",
        "pairId": "cwlunc-cwustc",
        "price": 0.011475173462604593,
        "sourceContract": "terra1m6ywlgn6wrjuagcmmezzz2a029gtldhey5k552",
        "sourcePairId": "cwlunc-cwustc-ref-2",
        "sourceType": "reference",
        "timestamp": "2026-04-30T00:01:56Z",
        "tokenAmount": 9167.633443,
        "tokenSymbol": "CWLUNC",
        "txhash": "EA645A69F7B35A8FF253F6AABA83130F46BEB7E8550BBB8D22237ED22AA4ADEA",
        "type": "BUY",
        "value": 105.200184,
        "wallet": "terra1k6uweag3vym7f8srx80q7cj66u7vhm4xt6vq2t"
      },
      {
        "amount": 885.949421,
        "baseAmount": 10.168685,
        "baseSymbol": "CWUSTC",
        "executionType": "direct",
        "pairId": "cwlunc-cwustc",
        "price": 0.011477726333995764,
        "sourceContract": "terra1l7vy20x940je7lskm6x9s839vjsmekz9k9mv7g",
        "sourcePairId": "cwlunc-cwustc-ref-1",
        "sourceType": "reference",
        "timestamp": "2026-04-29T23:56:59Z",
        "tokenAmount": 885.949421,
        "tokenSymbol": "CWLUNC",
        "txhash": "3539F84A92C55E30FA910736C9D309CF1F25B68C4769581D58089188AC828A7E",
        "type": "BUY",
        "value": 10.168685,
        "wallet": "terra1utl989ugtqdtgu0znuq62mgwurnjq24mrcvlx9"
      },
      {
        "amount": 3192.509734,
        "baseAmount": 36.642111,
        "baseSymbol": "CWUSTC",
        "executionType": "direct",
        "pairId": "cwlunc-cwustc",
        "price": 0.011477525224046818,
        "sourceContract": "terra1l7vy20x940je7lskm6x9s839vjsmekz9k9mv7g",
        "sourcePairId": "cwlunc-cwustc-ref-1",
        "sourceType": "reference",
        "timestamp": "2026-04-29T23:48:18Z",
        "tokenAmount": 3192.509734,
        "tokenSymbol": "CWLUNC",
        "txhash": "2AB146531726430816BD8E877751334D4BE210EED49090682605CF116906746F",
        "type": "BUY",
        "value": 36.642111,
        "wallet": "terra1wxdqr5hqtvdydve9kullnsjnnfumza77azzldc"
      },
      {
        "amount": 2256.790862,
        "baseAmount": 25.901767,
        "baseSymbol": "CWUSTC",
        "executionType": "direct",
        "pairId": "cwlunc-cwustc",
        "price": 0.011477256238553488,
        "sourceContract": "terra1l7vy20x940je7lskm6x9s839vjsmekz9k9mv7g",
        "sourcePairId": "cwlunc-cwustc-ref-1",
        "sourceType": "reference",
        "timestamp": "2026-04-29T23:44:37Z",
        "tokenAmount": 2256.790862,
        "tokenSymbol": "CWLUNC",
        "txhash": "0FF1EACEA0B6A704EF143B802A6A4D19B1D9DC0189E589D2B378CCF3162C6A22",
        "type": "BUY",
        "value": 25.901767,
        "wallet": "terra18taca9x8d4z9a0l0dudtrtye25ykyy2cps2g05"
      },
      {
        "amount": 1312.180444,
        "baseAmount": 15.06,
        "baseSymbol": "CWUSTC",
        "executionType": "direct",
        "pairId": "cwlunc-cwustc",
        "price": 0.011477080053175978,
        "sourceContract": "terra1l7vy20x940je7lskm6x9s839vjsmekz9k9mv7g",
        "sourcePairId": "cwlunc-cwustc-ref-1",
        "sourceType": "reference",
        "timestamp": "2026-04-29T23:15:06Z",
        "tokenAmount": 1312.180444,
        "tokenSymbol": "CWLUNC",
        "txhash": "5F6834B1CF9DEDFA65E7ECF942FDE6BE323D124BE734BD7EA067B326A0F68BEB",
        "type": "BUY",
        "value": 15.06,
        "wallet": "terra1jg9dzyst8acgnsdxnxupxpp5eqqy2qsjdjz4c3"
      },
      {
        "amount": 620.0,
        "baseAmount": 7.073136,
        "baseSymbol": "CWUSTC",
        "executionType": "direct",
        "pairId": "cwlunc-cwustc",
        "price": 0.011408283870967742,
        "sourceContract": "terra1l7vy20x940je7lskm6x9s839vjsmekz9k9mv7g",
        "sourcePairId": "cwlunc-cwustc-ref-1",
        "sourceType": "reference",
        "timestamp": "2026-04-29T23:11:45Z",
        "tokenAmount": 620.0,
        "tokenSymbol": "CWLUNC",
        "txhash": "3429C2C3CB57349EA79C76E21746CDFFA6C233E15935E6F9A6CE6B43117DCC2F",
        "type": "SELL",
        "value": 7.073136,
        "wallet": "terra1xwx8e5ufauznd4yc9f7kectxe5nrmfuh80rew2"
      },
      {
        "amount": 2178.27549,
        "baseAmount": 25.0,
        "baseSymbol": "CWUSTC",
        "executionType": "direct",
        "pairId": "cwlunc-cwustc",
        "price": 0.011476968875043441,
        "sourceContract": "terra1l7vy20x940je7lskm6x9s839vjsmekz9k9mv7g",
        "sourcePairId": "cwlunc-cwustc-ref-1",
        "sourceType": "reference",
        "timestamp": "2026-04-29T23:11:45Z",
        "tokenAmount": 2178.27549,
        "tokenSymbol": "CWLUNC",
        "txhash": "098FCDB9A6015939EA9E9D26010DF1120BD5A8CB185B11018D273F67A86DEF61",
        "type": "BUY",
        "value": 25.0,
        "wallet": "terra1cjhxk2m8eett9hqdsnd7c5mfpara6pwjj3x5x3"
      },
      {
        "amount": 2329.384981,
        "baseAmount": 26.574128,
        "baseSymbol": "CWUSTC",
        "pairId": "cwlunc-cwustc",
        "price": 0.011408216424831495,
        "sourceContract": "terra1l7vy20x940je7lskm6x9s839vjsmekz9k9mv7g",
        "sourcePairId": "cwlunc-cwustc-ref-1",
        "sourceType": "reference",
        "timestamp": "2026-04-29T22:59:47Z",
        "tokenAmount": 2329.384981,
        "tokenSymbol": "CWLUNC",
        "txhash": "0613D58D2EB20874B2229A8692737B09371F3A39E3FF2DA51D07FD42330906C1",
        "type": "SELL",
        "value": 26.574128,
        "wallet": "terra1q7a9kg5xusufjfjp3v8ghsc7urfrlj8m99hlwh"
      },
      {
        "amount": 117096.725048,
        "baseAmount": 1333.333333,
        "baseSymbol": "CWUSTC",
        "pairId": "cwlunc-cwustc",
        "price": 0.011386597980886684,
        "sourceContract": "terra1dlffujgmvdl7tuv3car5n9asfvvqsrxkdtrc2afvemexvnuy2wnsrf5uy0",
        "sourcePairId": "cwlunc-cwustc-ref-3",
        "sourceType": "reference",
        "timestamp": "2026-04-29T22:59:35Z",
        "tokenAmount": 117096.725048,
        "tokenSymbol": "CWLUNC",
        "txhash": "625E9CA5E1C7912932128FC6A54F1D06C21DF82458C3419B415E60E9B8BD9FAB",
        "type": "BUY",
        "value": 1333.333333,
        "wallet": "terra1vzzt4mr4ls6hs30t9n3djtlmguv7y36v7rjnfs4fz99z57uyeqsqt0d2qu"
      },
      {
        "amount": 513.269189,
        "baseAmount": 5.855557,
        "baseSymbol": "CWUSTC",
        "pairId": "cwlunc-cwustc",
        "price": 0.011408354768787807,
        "sourceContract": "terra1l7vy20x940je7lskm6x9s839vjsmekz9k9mv7g",
        "sourcePairId": "cwlunc-cwustc-ref-1",
        "sourceType": "reference",
        "timestamp": "2026-04-29T22:53:51Z",
        "tokenAmount": 513.269189,
        "tokenSymbol": "CWLUNC",
        "txhash": "251850D0748108C5B0DF55ED3B7BEA7B3662867F4C7DB6C3858812FD4C595FD0",
        "type": "SELL",
        "value": 5.855557,
        "wallet": "terra1q7a9kg5xusufjfjp3v8ghsc7urfrlj8m99hlwh"
      },
      {
        "amount": 170802.090449,
        "baseAmount": 1950.001003,
        "baseSymbol": "CWUSTC",
        "pairId": "cwlunc-cwustc",
        "price": 0.011416727967871406,
        "sourceContract": "terra1l7vy20x940je7lskm6x9s839vjsmekz9k9mv7g",
        "sourcePairId": "cwlunc-cwustc-ref-1",
        "sourceType": "reference",
        "timestamp": "2026-04-29T22:39:48Z",
        "tokenAmount": 170802.090449,
        "tokenSymbol": "CWLUNC",
        "txhash": "5D91197A333954C721BD6CDB6A79ACDF56663499C51BC1FEC871AF4331097E78",
        "type": "SELL",
        "value": 1950.001003,
        "wallet": "terra1ds22k6pg5yvcd6t2mcg3kf2szcpa7fdc946gfw"
      },
      {
        "amount": 201493.67712,
        "baseAmount": 2288.0,
        "baseSymbol": "CWUSTC",
        "pairId": "cwlunc-cwustc",
        "price": 0.011355195024990172,
        "sourceContract": "terra1dlffujgmvdl7tuv3car5n9asfvvqsrxkdtrc2afvemexvnuy2wnsrf5uy0",
        "sourcePairId": "cwlunc-cwustc-ref-3",
        "sourceType": "reference",
        "timestamp": "2026-04-29T22:38:25Z",
        "tokenAmount": 201493.67712,
        "tokenSymbol": "CWLUNC",
        "txhash": "0B5A84BBA26093FA14B1504B67AD7071EBF9B6E4C294E01D579FD010F197595B",
        "type": "BUY",
        "value": 2288.0,
        "wallet": "terra1gygragtv7rhv86scnq4lkw0kw499939qer9ur5"
      },
      {
        "amount": 203881.56233,
        "baseAmount": 2307.0,
        "baseSymbol": "CWUSTC",
        "pairId": "cwlunc-cwustc",
        "price": 0.011315392984216594,
        "sourceContract": "terra1dlffujgmvdl7tuv3car5n9asfvvqsrxkdtrc2afvemexvnuy2wnsrf5uy0",
        "sourcePairId": "cwlunc-cwustc-ref-3",
        "sourceType": "reference",
        "timestamp": "2026-04-29T22:35:48Z",
        "tokenAmount": 203881.56233,
        "tokenSymbol": "CWLUNC",
        "txhash": "0CD39A2D3902352F1F5515007CC3AE3157D675895ED0931755A1998A0BC1AFB8",
        "type": "BUY",
        "value": 2307.0,
        "wallet": "terra1gygragtv7rhv86scnq4lkw0kw499939qer9ur5"
      },
      {
        "amount": 21752.575243,
        "baseAmount": 250.0,
        "baseSymbol": "CWUSTC",
        "pairId": "cwlunc-cwustc",
        "price": 0.011492892092417897,
        "sourceContract": "terra1l7vy20x940je7lskm6x9s839vjsmekz9k9mv7g",
        "sourcePairId": "cwlunc-cwustc-ref-1",
        "sourceType": "reference",
        "timestamp": "2026-04-29T22:35:42Z",
        "tokenAmount": 21752.575243,
        "tokenSymbol": "CWLUNC",
        "txhash": "5B61C4430DE550B3D756BF0489810E405F676FE7647C60A09C0AA8254B4FE4A9",
        "type": "BUY",
        "value": 250.0,
        "wallet": "terra15sfhnhqz5hzr9tncswewvs65umq288hj3fx87a"
      },
      {
        "amount": 9143.882288,
        "baseAmount": 105.075675,
        "baseSymbol": "CWUSTC",
        "pairId": "cwlunc-cwustc",
        "price": 0.011491363481121838,
        "sourceContract": "terra1l7vy20x940je7lskm6x9s839vjsmekz9k9mv7g",
        "sourcePairId": "cwlunc-cwustc-ref-1",
        "sourceType": "reference",
        "timestamp": "2026-04-29T22:17:20Z",
        "tokenAmount": 9143.882288,
        "tokenSymbol": "CWLUNC",
        "txhash": "70D1E0D10FCBFD8BB818D7ED90FABAC8C153B40DB2532D4F8831AEB76F03A85A",
        "type": "BUY",
        "value": 105.075675,
        "wallet": "terra1zyse4mqpcj6cjvrlyzkw26d6rx5etmmjx7ndaz"
      },
      {
        "amount": 627.681458,
        "baseAmount": 7.20262,
        "baseSymbol": "CWUSTC",
        "pairId": "cwlunc-cwustc",
        "price": 0.011474960600158431,
        "sourceContract": "terra1m6ywlgn6wrjuagcmmezzz2a029gtldhey5k552",
        "sourcePairId": "cwlunc-cwustc-ref-2",
        "sourceType": "reference",
        "timestamp": "2026-04-29T21:40:09Z",
        "tokenAmount": 627.681458,
        "tokenSymbol": "CWLUNC",
        "txhash": "DE2B559C6BDA6C8BEF205F02916C2598545A7330FC7887A91BB03C3D502477D9",
        "type": "BUY",
        "value": 7.20262,
        "wallet": "terra1ckuj3wswpy0u8l66rw3dc2r44pd9ykuyj2q455"
      },
      {
        "amount": 1714.288511,
        "baseAmount": 19.671306,
        "baseSymbol": "CWUSTC",
        "pairId": "cwlunc-cwustc",
        "price": 0.011474909779640939,
        "sourceContract": "terra1m6ywlgn6wrjuagcmmezzz2a029gtldhey5k552",
        "sourcePairId": "cwlunc-cwustc-ref-2",
        "sourceType": "reference",
        "timestamp": "2026-04-29T21:39:15Z",
        "tokenAmount": 1714.288511,
        "tokenSymbol": "CWLUNC",
        "txhash": "17DF3C4BF877489F8F2637F8ECAEF1D4DC46FD41FAFBCCCF2DDE30139499B1EA",
        "type": "BUY",
        "value": 19.671306,
        "wallet": "terra1y6tsxue3dw5hq5sj0l5de4whwgzxh2n5h4hkn9"
      },
      {
        "amount": 1970.296415,
        "baseAmount": 22.608816,
        "baseSymbol": "CWUSTC",
        "pairId": "cwlunc-cwustc",
        "price": 0.011474829791029184,
        "sourceContract": "terra1m6ywlgn6wrjuagcmmezzz2a029gtldhey5k552",
        "sourcePairId": "cwlunc-cwustc-ref-2",
        "sourceType": "reference",
        "timestamp": "2026-04-29T21:36:54Z",
        "tokenAmount": 1970.296415,
        "tokenSymbol": "CWLUNC",
        "txhash": "1FDC2516F0815389A5383FBAE0B87AE753AC96FE0DF3B5933CBDC533183DF34C",
        "type": "BUY",
        "value": 22.608816,
        "wallet": "terra16thfl4mqv72smlf9k2tk9lenn506cdt3zh0dgr"
      },
      {
        "amount": 461.127829,
        "baseAmount": 5.291339,
        "baseSymbol": "CWUSTC",
        "pairId": "cwlunc-cwustc",
        "price": 0.011474776986404782,
        "sourceContract": "terra1m6ywlgn6wrjuagcmmezzz2a029gtldhey5k552",
        "sourcePairId": "cwlunc-cwustc-ref-2",
        "sourceType": "reference",
        "timestamp": "2026-04-29T21:10:41Z",
        "tokenAmount": 461.127829,
        "tokenSymbol": "CWLUNC",
        "txhash": "1D38FA6BABA223CB9E369BB834B3F00027C73BF6DAAC6980736553CBED402FC8",
        "type": "BUY",
        "value": 5.291339,
        "wallet": "terra17nuprxvmvgv4ay6v673hft0v3qfmyznxn0c97h"
      },
      {
        "amount": 800.0,
        "baseAmount": 9.137685,
        "baseSymbol": "CWUSTC",
        "pairId": "cwlunc-cwustc",
        "price": 0.01142210625,
        "sourceContract": "terra1l7vy20x940je7lskm6x9s839vjsmekz9k9mv7g",
        "sourcePairId": "cwlunc-cwustc-ref-1",
        "sourceType": "reference",
        "timestamp": "2026-04-29T21:07:37Z",
        "tokenAmount": 800.0,
        "tokenSymbol": "CWLUNC",
        "txhash": "F727DBA40B570ECA491444A0A657B6C1F206CB8E3D6CC04A6AAC86DF7B970FC5",
        "type": "SELL",
        "value": 9.137685,
        "wallet": "terra1tl0qmmq6r5jrznhs7zf0krzdetfn0t0lnm0jtx"
      },
      {
        "amount": 175789.001151,
        "baseAmount": 2016.46782,
        "baseSymbol": "CWUSTC",
        "pairId": "cwlunc-cwustc",
        "price": 0.011470955559204103,
        "sourceContract": "terra1m6ywlgn6wrjuagcmmezzz2a029gtldhey5k552",
        "sourcePairId": "cwlunc-cwustc-ref-2",
        "sourceType": "reference",
        "timestamp": "2026-04-29T20:57:13Z",
        "tokenAmount": 175789.001151,
        "tokenSymbol": "CWLUNC",
        "txhash": "D238C82FA067837A08B73C52ED38F7C1AED77A8435126DBDADD6C5B75B324958",
        "type": "BUY",
        "value": 2016.46782,
        "wallet": "terra1ak9s7ugpaurevr7myydqa6yae7856wf3089neh"
      },
      {
        "amount": 175905.974043,
        "baseAmount": 2016.46782,
        "baseSymbol": "CWUSTC",
        "pairId": "cwlunc-cwustc",
        "price": 0.011463327672470503,
        "sourceContract": "terra1m6ywlgn6wrjuagcmmezzz2a029gtldhey5k552",
        "sourcePairId": "cwlunc-cwustc-ref-2",
        "sourceType": "reference",
        "timestamp": "2026-04-29T20:57:06Z",
        "tokenAmount": 175905.974043,
        "tokenSymbol": "CWLUNC",
        "txhash": "515326ACB7AEBE2AC7644304231824398D9A7A9E804194F735868D7B153FC003",
        "type": "BUY",
        "value": 2016.46782,
        "wallet": "terra1ak9s7ugpaurevr7myydqa6yae7856wf3089neh"
      },
      {
        "amount": 176111.874238,
        "baseAmount": 2017.484868,
        "baseSymbol": "CWUSTC",
        "pairId": "cwlunc-cwustc",
        "price": 0.0114557003991312,
        "sourceContract": "terra1m6ywlgn6wrjuagcmmezzz2a029gtldhey5k552",
        "sourcePairId": "cwlunc-cwustc-ref-2",
        "sourceType": "reference",
        "timestamp": "2026-04-29T20:57:01Z",
        "tokenAmount": 176111.874238,
        "tokenSymbol": "CWLUNC",
        "txhash": "40B7F724CF526FD38E7457A783DFBEE678F02D01070C97D3C2192A09C4AA7B74",
        "type": "BUY",
        "value": 2017.484868,
        "wallet": "terra1ak9s7ugpaurevr7myydqa6yae7856wf3089neh"
      },
      {
        "amount": 176229.199268,
        "baseAmount": 2017.484868,
        "baseSymbol": "CWUSTC",
        "pairId": "cwlunc-cwustc",
        "price": 0.011448073737950294,
        "sourceContract": "terra1m6ywlgn6wrjuagcmmezzz2a029gtldhey5k552",
        "sourcePairId": "cwlunc-cwustc-ref-2",
        "sourceType": "reference",
        "timestamp": "2026-04-29T20:56:55Z",
        "tokenAmount": 176229.199268,
        "tokenSymbol": "CWLUNC",
        "txhash": "A8750862DD6676B1ABD762682AED1F6368ED05916B65604B5CF92F488D04CD45",
        "type": "BUY",
        "value": 2017.484868,
        "wallet": "terra1ak9s7ugpaurevr7myydqa6yae7856wf3089neh"
      },
      {
        "amount": 176109.697013,
        "baseAmount": 2014.775016,
        "baseSymbol": "CWUSTC",
        "pairId": "cwlunc-cwustc",
        "price": 0.01144045472891407,
        "sourceContract": "terra1m6ywlgn6wrjuagcmmezzz2a029gtldhey5k552",
        "sourcePairId": "cwlunc-cwustc-ref-2",
        "sourceType": "reference",
        "timestamp": "2026-04-29T20:56:48Z",
        "tokenAmount": 176109.697013,
        "tokenSymbol": "CWLUNC",
        "txhash": "EE1076CD87F2D4D6016E32E9F57229A01F903117110073DA432917B39B9BC252",
        "type": "BUY",
        "value": 2014.775016,
        "wallet": "terra1ak9s7ugpaurevr7myydqa6yae7856wf3089neh"
      },
      {
        "amount": 176138.191937,
        "baseAmount": 2013.760698,
        "baseSymbol": "CWUSTC",
        "pairId": "cwlunc-cwustc",
        "price": 0.011432845289568257,
        "sourceContract": "terra1m6ywlgn6wrjuagcmmezzz2a029gtldhey5k552",
        "sourcePairId": "cwlunc-cwustc-ref-2",
        "sourceType": "reference",
        "timestamp": "2026-04-29T20:56:31Z",
        "tokenAmount": 176138.191937,
        "tokenSymbol": "CWLUNC",
        "txhash": "EDEEF2975E9C6E761C09D13DB7A157FFDEE1617BE73A894D2313C749A404368E",
        "type": "BUY",
        "value": 2013.760698,
        "wallet": "terra1ak9s7ugpaurevr7myydqa6yae7856wf3089neh"
      },
      {
        "amount": 176373.865921,
        "baseAmount": 2015.11335,
        "baseSymbol": "CWUSTC",
        "pairId": "cwlunc-cwustc",
        "price": 0.011425237744137184,
        "sourceContract": "terra1m6ywlgn6wrjuagcmmezzz2a029gtldhey5k552",
        "sourcePairId": "cwlunc-cwustc-ref-2",
        "sourceType": "reference",
        "timestamp": "2026-04-29T20:56:25Z",
        "tokenAmount": 176373.865921,
        "tokenSymbol": "CWLUNC",
        "txhash": "ABA836D7F3A6470A90517E8ABDC2F751FE772DBAD9963B3FBA45BD446081CD7F",
        "type": "BUY",
        "value": 2015.11335,
        "wallet": "terra1ak9s7ugpaurevr7myydqa6yae7856wf3089neh"
      },
      {
        "amount": 176491.38389,
        "baseAmount": 2015.11335,
        "baseSymbol": "CWUSTC",
        "pairId": "cwlunc-cwustc",
        "price": 0.011417630173130374,
        "sourceContract": "terra1m6ywlgn6wrjuagcmmezzz2a029gtldhey5k552",
        "sourcePairId": "cwlunc-cwustc-ref-2",
        "sourceType": "reference",
        "timestamp": "2026-04-29T20:56:19Z",
        "tokenAmount": 176491.38389,
        "tokenSymbol": "CWLUNC",
        "txhash": "FE155887FE4F51CD667139EC937C5D629E2FB5FE6A995632E1F8A23B4C4DD733",
        "type": "BUY",
        "value": 2015.11335,
        "wallet": "terra1ak9s7ugpaurevr7myydqa6yae7856wf3089neh"
      },
      {
        "amount": 176609.019391,
        "baseAmount": 2015.11335,
        "baseSymbol": "CWUSTC",
        "pairId": "cwlunc-cwustc",
        "price": 0.01141002513319368,
        "sourceContract": "terra1m6ywlgn6wrjuagcmmezzz2a029gtldhey5k552",
        "sourcePairId": "cwlunc-cwustc-ref-2",
        "sourceType": "reference",
        "timestamp": "2026-04-29T20:56:07Z",
        "tokenAmount": 176609.019391,
        "tokenSymbol": "CWLUNC",
        "txhash": "A718D7B84506F83408AD40154E1B134F0251AD05153333027D530212EBA8380B",
        "type": "BUY",
        "value": 2015.11335,
        "wallet": "terra1ak9s7ugpaurevr7myydqa6yae7856wf3089neh"
      },
      {
        "amount": 176726.772581,
        "baseAmount": 2015.11335,
        "baseSymbol": "CWUSTC",
        "pairId": "cwlunc-cwustc",
        "price": 0.011402422624316323,
        "sourceContract": "terra1m6ywlgn6wrjuagcmmezzz2a029gtldhey5k552",
        "sourcePairId": "cwlunc-cwustc-ref-2",
        "sourceType": "reference",
        "timestamp": "2026-04-29T20:56:01Z",
        "tokenAmount": 176726.772581,
        "tokenSymbol": "CWLUNC",
        "txhash": "61D5F4BC2F57719520C1F30E94ED442A9D81EF82103D0AFBED42DBE40B1963DE",
        "type": "BUY",
        "value": 2015.11335,
        "wallet": "terra1ak9s7ugpaurevr7myydqa6yae7856wf3089neh"
      },
      {
        "amount": 116968.509237,
        "baseAmount": 1343.4089,
        "baseSymbol": "CWUSTC",
        "pairId": "cwlunc-cwustc",
        "price": 0.011485218617927352,
        "sourceContract": "terra1l7vy20x940je7lskm6x9s839vjsmekz9k9mv7g",
        "sourcePairId": "cwlunc-cwustc-ref-1",
        "sourceType": "reference",
        "timestamp": "2026-04-29T20:55:55Z",
        "tokenAmount": 116968.509237,
        "tokenSymbol": "CWLUNC",
        "txhash": "A1B66C722A59E668A3563BAEDEB86F5E738F75FEA859A4999881A470735FF1DA",
        "type": "BUY",
        "value": 1343.4089,
        "wallet": "terra1ak9s7ugpaurevr7myydqa6yae7856wf3089neh"
      },
      {
        "amount": 137872.866079,
        "baseAmount": 1574.149441,
        "baseSymbol": "CWUSTC",
        "pairId": "cwlunc-cwustc",
        "price": 0.011417398403091335,
        "sourceContract": "terra1l7vy20x940je7lskm6x9s839vjsmekz9k9mv7g",
        "sourcePairId": "cwlunc-cwustc-ref-1",
        "sourceType": "reference",
        "timestamp": "2026-04-29T20:55:49Z",
        "tokenAmount": 137872.866079,
        "tokenSymbol": "CWLUNC",
        "txhash": "0D94EC28E886C9ABFC65A5CBD7AE73FCA3B7395367BB347483D94F9408A44AE8",
        "type": "SELL",
        "value": 1574.149441,
        "wallet": "terra1q7a9kg5xusufjfjp3v8ghsc7urfrlj8m99hlwh"
      },
      {
        "amount": 175348.031693,
        "baseAmount": 2013.760698,
        "baseSymbol": "CWUSTC",
        "pairId": "cwlunc-cwustc",
        "price": 0.011484364429739935,
        "sourceContract": "terra1l7vy20x940je7lskm6x9s839vjsmekz9k9mv7g",
        "sourcePairId": "cwlunc-cwustc-ref-1",
        "sourceType": "reference",
        "timestamp": "2026-04-29T20:55:43Z",
        "tokenAmount": 175348.031693,
        "tokenSymbol": "CWLUNC",
        "txhash": "EA9DDCC3BB820811A40F1F4DB6F847C8E01B13497600BDA46498542618C37FDE",
        "type": "BUY",
        "value": 2013.760698,
        "wallet": "terra1ak9s7ugpaurevr7myydqa6yae7856wf3089neh"
      },
      {
        "amount": 14423.635748,
        "baseAmount": 164.539742,
        "baseSymbol": "CWUSTC",
        "pairId": "cwlunc-cwustc",
        "price": 0.011407646787171207,
        "sourceContract": "terra1l7vy20x940je7lskm6x9s839vjsmekz9k9mv7g",
        "sourcePairId": "cwlunc-cwustc-ref-1",
        "sourceType": "reference",
        "timestamp": "2026-04-29T20:55:20Z",
        "tokenAmount": 14423.635748,
        "tokenSymbol": "CWLUNC",
        "txhash": "635E606AF685DAF7CC68841894F0E978148863143DA6E079E673F3654DE0119B",
        "type": "SELL",
        "value": 164.539742,
        "wallet": "terra1q7a9kg5xusufjfjp3v8ghsc7urfrlj8m99hlwh"
      },
      {
        "amount": 117031.321603,
        "baseAmount": 1342.507132,
        "baseSymbol": "CWUSTC",
        "pairId": "cwlunc-cwustc",
        "price": 0.011471348982575156,
        "sourceContract": "terra1l7vy20x940je7lskm6x9s839vjsmekz9k9mv7g",
        "sourcePairId": "cwlunc-cwustc-ref-1",
        "sourceType": "reference",
        "timestamp": "2026-04-29T20:55:20Z",
        "tokenAmount": 117031.321603,
        "tokenSymbol": "CWLUNC",
        "txhash": "47F4B6B230B41B8C8EB414EB2CC0F90DFC889B27426500C1F0780E85A9E4DAB4",
        "type": "BUY",
        "value": 1342.507132,
        "wallet": "terra1ak9s7ugpaurevr7myydqa6yae7856wf3089neh"
      },
      {
        "amount": 109538.284523,
        "baseAmount": 1248.980057,
        "baseSymbol": "CWUSTC",
        "pairId": "cwlunc-cwustc",
        "price": 0.011402224002675055,
        "sourceContract": "terra1l7vy20x940je7lskm6x9s839vjsmekz9k9mv7g",
        "sourcePairId": "cwlunc-cwustc-ref-1",
        "sourceType": "reference",
        "timestamp": "2026-04-29T20:55:14Z",
        "tokenAmount": 109538.284523,
        "tokenSymbol": "CWLUNC",
        "txhash": "F5BDC98ED6BD4F4D480BFCF7F16FA9BCFC2AFF8A10F8C67699223A6774A0D124",
        "type": "SELL",
        "value": 1248.980057,
        "wallet": "terra1q7a9kg5xusufjfjp3v8ghsc7urfrlj8m99hlwh"
      },
      {
        "amount": 175602.909495,
        "baseAmount": 2013.760698,
        "baseSymbol": "CWUSTC",
        "pairId": "cwlunc-cwustc",
        "price": 0.011467695517068516,
        "sourceContract": "terra1l7vy20x940je7lskm6x9s839vjsmekz9k9mv7g",
        "sourcePairId": "cwlunc-cwustc-ref-1",
        "sourceType": "reference",
        "timestamp": "2026-04-29T20:55:08Z",
        "tokenAmount": 175602.909495,
        "tokenSymbol": "CWLUNC",
        "txhash": "F09D5DC0EB1E8D05CD8F5D9E3CA47EA9D1EAC0D60E16C06EB5FBE4DBB3E866EE",
        "type": "BUY",
        "value": 2013.760698,
        "wallet": "terra1ak9s7ugpaurevr7myydqa6yae7856wf3089neh"
      },
      {
        "amount": 92099.110755,
        "baseAmount": 1049.457234,
        "baseSymbol": "CWUSTC",
        "pairId": "cwlunc-cwustc",
        "price": 0.011394868260907997,
        "sourceContract": "terra1l7vy20x940je7lskm6x9s839vjsmekz9k9mv7g",
        "sourcePairId": "cwlunc-cwustc-ref-1",
        "sourceType": "reference",
        "timestamp": "2026-04-29T20:55:08Z",
        "tokenAmount": 92099.110755,
        "tokenSymbol": "CWLUNC",
        "txhash": "0C6A8338AEB6B1708FF7A840A0E19CC2606E49EB9530978207D182D942CA2001",
        "type": "SELL",
        "value": 1049.457234,
        "wallet": "terra1q7a9kg5xusufjfjp3v8ghsc7urfrlj8m99hlwh"
      },
      {
        "amount": 175729.489565,
        "baseAmount": 2013.760698,
        "baseSymbol": "CWUSTC",
        "pairId": "cwlunc-cwustc",
        "price": 0.011459435197728364,
        "sourceContract": "terra1l7vy20x940je7lskm6x9s839vjsmekz9k9mv7g",
        "sourcePairId": "cwlunc-cwustc-ref-1",
        "sourceType": "reference",
        "timestamp": "2026-04-29T20:55:02Z",
        "tokenAmount": 175729.489565,
        "tokenSymbol": "CWLUNC",
        "txhash": "4DC3E57B0250B9C91016B9631C0C39FFEDD11BCA226FEE94E6FBE5F955C7F57F",
        "type": "BUY",
        "value": 2013.760698,
        "wallet": "terra1ak9s7ugpaurevr7myydqa6yae7856wf3089neh"
      },
      {
        "amount": 19859.890349,
        "baseAmount": 226.067883,
        "baseSymbol": "CWUSTC",
        "pairId": "cwlunc-cwustc",
        "price": 0.011383138528324408,
        "sourceContract": "terra1l7vy20x940je7lskm6x9s839vjsmekz9k9mv7g",
        "sourcePairId": "cwlunc-cwustc-ref-1",
        "sourceType": "reference",
        "timestamp": "2026-04-29T20:55:02Z",
        "tokenAmount": 19859.890349,
        "tokenSymbol": "CWLUNC",
        "txhash": "E7FBD9FD6840636CB8CFED7D2BB4F74D04449AF760DC3697458203AD1DD35E94",
        "type": "SELL",
        "value": 226.067883,
        "wallet": "terra1q7a9kg5xusufjfjp3v8ghsc7urfrlj8m99hlwh"
      },
      {
        "amount": 175965.198531,
        "baseAmount": 2013.760698,
        "baseSymbol": "CWUSTC",
        "pairId": "cwlunc-cwustc",
        "price": 0.011444085050972356,
        "sourceContract": "terra1l7vy20x940je7lskm6x9s839vjsmekz9k9mv7g",
        "sourcePairId": "cwlunc-cwustc-ref-1",
        "sourceType": "reference",
        "timestamp": "2026-04-29T20:54:56Z",
        "tokenAmount": 175965.198531,
        "tokenSymbol": "CWLUNC",
        "txhash": "91D053DDE7F474F3A2CA046E96DA10A82D9BB2F08E6F45F11784DDAA21C2C18A",
        "type": "BUY",
        "value": 2013.760698,
        "wallet": "terra1ak9s7ugpaurevr7myydqa6yae7856wf3089neh"
      },
      {
        "amount": 26006.938247,
        "baseAmount": 295.651628,
        "baseSymbol": "CWUSTC",
        "pairId": "cwlunc-cwustc",
        "price": 0.011368182797684943,
        "sourceContract": "terra1l7vy20x940je7lskm6x9s839vjsmekz9k9mv7g",
        "sourcePairId": "cwlunc-cwustc-ref-1",
        "sourceType": "reference",
        "timestamp": "2026-04-29T20:54:50Z",
        "tokenAmount": 26006.938247,
        "tokenSymbol": "CWLUNC",
        "txhash": "41758EC32653BF8E3B865F854B376320DB7806CFE279951910D407EB3EE5AFE8",
        "type": "SELL",
        "value": 295.651628,
        "wallet": "terra1q7a9kg5xusufjfjp3v8ghsc7urfrlj8m99hlwh"
      },
      {
        "amount": 176192.149091,
        "baseAmount": 2013.760698,
        "baseSymbol": "CWUSTC",
        "pairId": "cwlunc-cwustc",
        "price": 0.01142934409046756,
        "sourceContract": "terra1l7vy20x940je7lskm6x9s839vjsmekz9k9mv7g",
        "sourcePairId": "cwlunc-cwustc-ref-1",
        "sourceType": "reference",
        "timestamp": "2026-04-29T20:54:44Z",
        "tokenAmount": 176192.149091,
        "tokenSymbol": "CWLUNC",
        "txhash": "003BF3DC85344BCE5FAEF179FE52D1875E15FC0CC82257B21F512DFD501C35A6",
        "type": "BUY",
        "value": 2013.760698,
        "wallet": "terra1ak9s7ugpaurevr7myydqa6yae7856wf3089neh"
      },
      {
        "amount": 176458.851175,
        "baseAmount": 2013.760698,
        "baseSymbol": "CWUSTC",
        "pairId": "cwlunc-cwustc",
        "price": 0.011412069638846781,
        "sourceContract": "terra1l7vy20x940je7lskm6x9s839vjsmekz9k9mv7g",
        "sourcePairId": "cwlunc-cwustc-ref-1",
        "sourceType": "reference",
        "timestamp": "2026-04-29T20:54:38Z",
        "tokenAmount": 176458.851175,
        "tokenSymbol": "CWLUNC",
        "txhash": "EE1A8334AF36CC948DA24EEC758D2E1D1A836022DF8649771C0E6BDCB060548A",
        "type": "BUY",
        "value": 2013.760698,
        "wallet": "terra1ak9s7ugpaurevr7myydqa6yae7856wf3089neh"
      },
      {
        "amount": 139134.776854,
        "baseAmount": 1563.441609,
        "baseSymbol": "CWUSTC",
        "pairId": "cwlunc-cwustc",
        "price": 0.01123688587678252,
        "sourceContract": "terra1dlffujgmvdl7tuv3car5n9asfvvqsrxkdtrc2afvemexvnuy2wnsrf5uy0",
        "sourcePairId": "cwlunc-cwustc-ref-3",
        "sourceType": "reference",
        "timestamp": "2026-04-29T20:54:32Z",
        "tokenAmount": 139134.776854,
