{
  "pairs": {
    "amplunc-cwlunc": [
      {
        "amount": 7271.514826,
        "baseAmount": 9439.435896,
        "baseSymbol": "CWLUNC",
        "pairId": "amplunc-cwlunc",
        "price": 1.298138850277578,
        "sourceContract": "terra12gkp648mkgj6esr5y6dwc2q4mftnfzk2pudka8",
        "sourcePairId": "amplunc-cwlunc-ref-2",
        "sourceType": "reference",
        "timestamp": "2026-04-28T14:33:24Z",
        "tokenAmount": 7271.514826,
        "tokenSymbol": "AMPLUNC",
        "txhash": "B48687BBBE95C5B73859A74DDE6D8A1BB89A5A776E4F80DBAB8D9A1CC914C02A",
        "type": "BUY",
        "value": 9439.435896,
        "wallet": "terra1g3zc8lwwmkrm0cz9wkgl849pdqaw6cq8lh7872"
      },
      {
        "amount": 8271.102568,
        "baseAmount": 10675.515047,
        "baseSymbol": "CWLUNC",
        "pairId": "amplunc-cwlunc",
        "price": 1.2907003581726106,
        "sourceContract": "terra12gkp648mkgj6esr5y6dwc2q4mftnfzk2pudka8",
        "sourcePairId": "amplunc-cwlunc-ref-2",
        "sourceType": "reference",
        "timestamp": "2026-04-28T12:44:10Z",
        "tokenAmount": 8271.102568,
        "tokenSymbol": "AMPLUNC",
        "txhash": "354471029632E4CE0369215CCF96816D8C5587CFF0F8D8F2924637BEA75782CC",
        "type": "BUY",
        "value": 10675.515047,
        "wallet": "terra1ydeh9exz82qrzw82ycjr6n462u5ldt8m8qt4rh"
      },
      {
        "amount": 2129.59093,
        "baseAmount": 2725.982669,
        "baseSymbol": "CWLUNC",
        "pairId": "amplunc-cwlunc",
        "price": 1.2800499056407983,
        "sourceContract": "terra12gkp648mkgj6esr5y6dwc2q4mftnfzk2pudka8",
        "sourcePairId": "amplunc-cwlunc-ref-2",
        "sourceType": "reference",
        "timestamp": "2026-04-28T01:56:10Z",
        "tokenAmount": 2129.59093,
        "tokenSymbol": "AMPLUNC",
        "txhash": "CB14F973D30963B54E1317FEAF0CBE4956AA901F973DDB8CC657E2027AE33CB6",
        "type": "SELL",
        "value": 2725.982669,
        "wallet": "terra1g3zc8lwwmkrm0cz9wkgl849pdqaw6cq8lh7872"
      },
      {
        "amount": 9098.261723,
        "baseAmount": 11959.943205,
        "baseSymbol": "CWLUNC",
        "pairId": "amplunc-cwlunc",
        "price": 1.314530573984896,
        "sourceContract": "terra132qwlqxffksjfg6ntzp4m5786lrlmgrufzx5c6",
        "sourcePairId": "amplunc-cwlunc-ref-1",
        "sourceType": "reference",
        "timestamp": "2026-04-28T00:54:29Z",
        "tokenAmount": 9098.261723,
        "tokenSymbol": "AMPLUNC",
        "txhash": "EC9640E35FB4CBEF97A274B22B3DDA6F0EBD53D351586580E076DAC63CAE725F",
        "type": "SELL",
        "value": 11959.943205,
        "wallet": "terra1ydeh9exz82qrzw82ycjr6n462u5ldt8m8qt4rh"
      },
      {
        "amount": 7368.194059,
        "baseAmount": 9464.67365,
        "baseSymbol": "CWLUNC",
        "pairId": "amplunc-cwlunc",
        "price": 1.284530995548254,
        "sourceContract": "terra12gkp648mkgj6esr5y6dwc2q4mftnfzk2pudka8",
        "sourcePairId": "amplunc-cwlunc-ref-2",
        "sourceType": "reference",
        "timestamp": "2026-04-28T00:19:14Z",
        "tokenAmount": 7368.194059,
        "tokenSymbol": "AMPLUNC",
        "txhash": "43B1BC2700EC460D3FCE6896929655DBFBF8DA63BCF348B6531AB13EE52A574E",
        "type": "SELL",
        "value": 9464.67365,
        "wallet": "terra1q7a9kg5xusufjfjp3v8ghsc7urfrlj8m99hlwh"
      },
      {
        "amount": 9169.216503,
        "baseAmount": 12081.05931,
        "baseSymbol": "CWLUNC",
        "pairId": "amplunc-cwlunc",
        "price": 1.31756724318237,
        "sourceContract": "terra132qwlqxffksjfg6ntzp4m5786lrlmgrufzx5c6",
        "sourcePairId": "amplunc-cwlunc-ref-1",
        "sourceType": "reference",
        "timestamp": "2026-04-27T23:08:06Z",
        "tokenAmount": 9169.216503,
        "tokenSymbol": "AMPLUNC",
        "txhash": "60E2EC65E30F53A3936E74207E7B421B9B2AE25E7AA3568FB071FBA3ACE97730",
        "type": "SELL",
        "value": 12081.05931,
        "wallet": "terra1ydeh9exz82qrzw82ycjr6n462u5ldt8m8qt4rh"
      },
      {
        "amount": 705.808618,
        "baseAmount": 909.337436,
        "baseSymbol": "CWLUNC",
        "pairId": "amplunc-cwlunc",
        "price": 1.288362613900529,
        "sourceContract": "terra12gkp648mkgj6esr5y6dwc2q4mftnfzk2pudka8",
        "sourcePairId": "amplunc-cwlunc-ref-2",
        "sourceType": "reference",
        "timestamp": "2026-04-27T19:27:46Z",
        "tokenAmount": 705.808618,
        "tokenSymbol": "AMPLUNC",
        "txhash": "3668310CA8221297D289DEF341D2894D1813395F126B993E6436EC84924D9DF5",
        "type": "SELL",
        "value": 909.337436,
        "wallet": "terra1g3zc8lwwmkrm0cz9wkgl849pdqaw6cq8lh7872"
      },
      {
        "amount": 9193.074674,
        "baseAmount": 12140.652939,
        "baseSymbol": "CWLUNC",
        "pairId": "amplunc-cwlunc",
        "price": 1.3206302972101802,
        "sourceContract": "terra132qwlqxffksjfg6ntzp4m5786lrlmgrufzx5c6",
        "sourcePairId": "amplunc-cwlunc-ref-1",
        "sourceType": "reference",
        "timestamp": "2026-04-27T19:07:11Z",
        "tokenAmount": 9193.074674,
        "tokenSymbol": "AMPLUNC",
        "txhash": "F565620857CC9536CA9F0A5AE74F1EB5D7E2FBC462D757D536CBFDCC98B457C7",
        "type": "SELL",
        "value": 12140.652939,
        "wallet": "terra1ydeh9exz82qrzw82ycjr6n462u5ldt8m8qt4rh"
      },
      {
        "amount": 7569.839247,
        "baseAmount": 9782.524878,
        "baseSymbol": "CWLUNC",
        "pairId": "amplunc-cwlunc",
        "price": 1.2923028559525764,
        "sourceContract": "terra12gkp648mkgj6esr5y6dwc2q4mftnfzk2pudka8",
        "sourcePairId": "amplunc-cwlunc-ref-2",
        "sourceType": "reference",
        "timestamp": "2026-04-27T08:06:19Z",
        "tokenAmount": 7569.839247,
        "tokenSymbol": "AMPLUNC",
        "txhash": "2BBA39015E2F5B3EA3F8B186F42CD78ADD097DAD6AB1958B954E060DB41DEE79",
        "type": "SELL",
        "value": 9782.524878,
        "wallet": "terra1q7a9kg5xusufjfjp3v8ghsc7urfrlj8m99hlwh"
      },
      {
        "amount": 9110.944638,
        "baseAmount": 12060.105346,
        "baseSymbol": "CWLUNC",
        "pairId": "amplunc-cwlunc",
        "price": 1.3236942847506301,
        "sourceContract": "terra132qwlqxffksjfg6ntzp4m5786lrlmgrufzx5c6",
        "sourcePairId": "amplunc-cwlunc-ref-1",
        "sourceType": "reference",
        "timestamp": "2026-04-27T06:29:30Z",
        "tokenAmount": 9110.944638,
        "tokenSymbol": "AMPLUNC",
        "txhash": "9F260E408E1B271B7D1512C567B9F8FCFA2FDD9AA6C3A04E284CB0F31E0C7E84",
        "type": "SELL",
        "value": 12060.105346,
        "wallet": "terra1ydeh9exz82qrzw82ycjr6n462u5ldt8m8qt4rh"
      },
      {
        "amount": 186.268437,
        "baseAmount": 241.407104,
        "baseSymbol": "CWLUNC",
        "pairId": "amplunc-cwlunc",
        "price": 1.2960172313036589,
        "sourceContract": "terra12gkp648mkgj6esr5y6dwc2q4mftnfzk2pudka8",
        "sourcePairId": "amplunc-cwlunc-ref-2",
        "sourceType": "reference",
        "timestamp": "2026-04-27T01:17:01Z",
        "tokenAmount": 186.268437,
        "tokenSymbol": "AMPLUNC",
        "txhash": "2FC271FE4819A88B48A860E003AB8D00A4F83E58924E677D463CD9EB18E2FC72",
        "type": "SELL",
        "value": 241.407104,
        "wallet": "terra10fsmdspfdukffwv0lrjm6gc9w3fcrl9fe076cl"
      },
      {
        "amount": 7888.124807,
        "baseAmount": 10463.987894,
        "baseSymbol": "CWLUNC",
        "pairId": "amplunc-cwlunc",
        "price": 1.3265494841960606,
        "sourceContract": "terra132qwlqxffksjfg6ntzp4m5786lrlmgrufzx5c6",
        "sourcePairId": "amplunc-cwlunc-ref-1",
        "sourceType": "reference",
        "timestamp": "2026-04-26T23:18:57Z",
        "tokenAmount": 7888.124807,
        "tokenSymbol": "AMPLUNC",
        "txhash": "59F51DA0271DAAB1849F702AEAA73A3B2CCA4CF62474AEEB2DC5841F271005F6",
        "type": "SELL",
        "value": 10463.987894,
        "wallet": "terra1zafpjz7h4x9cd8n5rf9lxz7tru352taxtl8jeu"
      },
      {
        "amount": 9277.821366,
        "baseAmount": 12334.324434,
        "baseSymbol": "CWLUNC",
        "pairId": "amplunc-cwlunc",
        "price": 1.3294418966936596,
        "sourceContract": "terra132qwlqxffksjfg6ntzp4m5786lrlmgrufzx5c6",
        "sourcePairId": "amplunc-cwlunc-ref-1",
        "sourceType": "reference",
        "timestamp": "2026-04-26T22:14:09Z",
        "tokenAmount": 9277.821366,
        "tokenSymbol": "AMPLUNC",
        "txhash": "1A64BB6C9EEE12C84B49BECB6174C8E61ADDA2B99B7F1EBB54A534160A297E98",
        "type": "SELL",
        "value": 12334.324434,
        "wallet": "terra1ydeh9exz82qrzw82ycjr6n462u5ldt8m8qt4rh"
      },
      {
        "amount": 9290.046077,
        "baseAmount": 12379.741783,
        "baseSymbol": "CWLUNC",
        "pairId": "amplunc-cwlunc",
        "price": 1.3325813112648999,
        "sourceContract": "terra132qwlqxffksjfg6ntzp4m5786lrlmgrufzx5c6",
        "sourcePairId": "amplunc-cwlunc-ref-1",
        "sourceType": "reference",
        "timestamp": "2026-04-26T21:32:46Z",
        "tokenAmount": 9290.046077,
        "tokenSymbol": "AMPLUNC",
        "txhash": "4661909D98F4389EED019B5492A6CD0F615D0C434E6DE40CE93D49AE60F18743",
        "type": "SELL",
        "value": 12379.741783,
        "wallet": "terra1ydeh9exz82qrzw82ycjr6n462u5ldt8m8qt4rh"
      },
      {
        "amount": 7964.093064,
        "baseAmount": 10352.779193,
        "baseSymbol": "CWLUNC",
        "pairId": "amplunc-cwlunc",
        "price": 1.299931970885367,
        "sourceContract": "terra12gkp648mkgj6esr5y6dwc2q4mftnfzk2pudka8",
        "sourcePairId": "amplunc-cwlunc-ref-2",
        "sourceType": "reference",
        "timestamp": "2026-04-26T06:38:06Z",
        "tokenAmount": 7964.093064,
        "tokenSymbol": "AMPLUNC",
        "txhash": "D56B9D3AB3579BBD73D7702A9ABE8000FA9E816C69DC39B1E78183149A1DE7D1",
        "type": "SELL",
        "value": 10352.779193,
        "wallet": "terra1q7a9kg5xusufjfjp3v8ghsc7urfrlj8m99hlwh"
      },
      {
        "amount": 9425.121558,
        "baseAmount": 12589.671086,
        "baseSymbol": "CWLUNC",
        "pairId": "amplunc-cwlunc",
        "price": 1.3357568927388468,
        "sourceContract": "terra132qwlqxffksjfg6ntzp4m5786lrlmgrufzx5c6",
        "sourcePairId": "amplunc-cwlunc-ref-1",
        "sourceType": "reference",
        "timestamp": "2026-04-24T01:48:13Z",
        "tokenAmount": 9425.121558,
        "tokenSymbol": "AMPLUNC",
        "txhash": "CDF8AC3A506D44A691477AD45BD74AA697AA86397E9196D2B9685F740F5FCF37",
        "type": "SELL",
        "value": 12589.671086,
        "wallet": "terra1ydeh9exz82qrzw82ycjr6n462u5ldt8m8qt4rh"
      },
      {
        "amount": 45045.02063,
        "baseAmount": 59725.806948,
        "baseSymbol": "CWLUNC",
        "pairId": "amplunc-cwlunc",
        "price": 1.3259136329093517,
        "sourceContract": "terra12gkp648mkgj6esr5y6dwc2q4mftnfzk2pudka8",
        "sourcePairId": "amplunc-cwlunc-ref-2",
        "sourceType": "reference",
        "timestamp": "2026-04-24T00:10:31Z",
        "tokenAmount": 45045.02063,
        "tokenSymbol": "AMPLUNC",
        "txhash": "ED826678E42EB9F6E38BD006E12F20289A16C3F7948F8E5185F883878703AE8D",
        "type": "SELL",
        "value": 59725.806948,
        "wallet": "terra1g3zc8lwwmkrm0cz9wkgl849pdqaw6cq8lh7872"
      },
      {
        "amount": 37377.09138,
        "baseAmount": 50000.0,
        "baseSymbol": "CWLUNC",
        "pairId": "amplunc-cwlunc",
        "price": 1.3377177879270283,
        "sourceContract": "terra12gkp648mkgj6esr5y6dwc2q4mftnfzk2pudka8",
        "sourcePairId": "amplunc-cwlunc-ref-2",
        "sourceType": "reference",
        "timestamp": "2026-04-24T00:09:38Z",
        "tokenAmount": 37377.09138,
        "tokenSymbol": "AMPLUNC",
        "txhash": "6EE8A1483DB6B9D7D225BD6A52E4B2A7A70C20E77B4A2F01FA92B647FA206CB0",
        "type": "BUY",
        "value": 50000.0,
        "wallet": "terra1g3zc8lwwmkrm0cz9wkgl849pdqaw6cq8lh7872"
      },
      {
        "amount": 9469.721722,
        "baseAmount": 12679.715918,
        "baseSymbol": "CWLUNC",
        "pairId": "amplunc-cwlunc",
        "price": 1.3389745010714054,
        "sourceContract": "terra132qwlqxffksjfg6ntzp4m5786lrlmgrufzx5c6",
        "sourcePairId": "amplunc-cwlunc-ref-1",
        "sourceType": "reference",
        "timestamp": "2026-04-23T23:40:31Z",
        "tokenAmount": 9469.721722,
        "tokenSymbol": "AMPLUNC",
        "txhash": "56372E3C32E3110571FD9A7CD0C4B1EFCF2F2CCA461B63D86D7C6DB309DC69FD",
        "type": "SELL",
        "value": 12679.715918,
        "wallet": "terra1ydeh9exz82qrzw82ycjr6n462u5ldt8m8qt4rh"
      },
      {
        "amount": 17932.678308,
        "baseAmount": 23812.324272,
        "baseSymbol": "CWLUNC",
        "pairId": "amplunc-cwlunc",
        "price": 1.3278732748680948,
        "sourceContract": "terra12gkp648mkgj6esr5y6dwc2q4mftnfzk2pudka8",
        "sourcePairId": "amplunc-cwlunc-ref-2",
        "sourceType": "reference",
        "timestamp": "2026-04-23T21:33:38Z",
        "tokenAmount": 17932.678308,
        "tokenSymbol": "AMPLUNC",
        "txhash": "50CA5499211A5C004DDF37380C7BD285B2C722FA58F454A5B0D667E756A10713",
        "type": "BUY",
        "value": 23812.324272,
        "wallet": "terra1g3zc8lwwmkrm0cz9wkgl849pdqaw6cq8lh7872"
      },
      {
        "amount": 9482.799979,
        "baseAmount": 12727.94339,
        "baseSymbol": "CWLUNC",
        "pairId": "amplunc-cwlunc",
        "price": 1.3422136308038224,
        "sourceContract": "terra132qwlqxffksjfg6ntzp4m5786lrlmgrufzx5c6",
        "sourcePairId": "amplunc-cwlunc-ref-1",
        "sourceType": "reference",
        "timestamp": "2026-04-23T21:13:14Z",
        "tokenAmount": 9482.799979,
        "tokenSymbol": "AMPLUNC",
        "txhash": "9FC8B76A02EE8B645818C2761C82BB54078986EFCF10DD866421AF05C702D280",
        "type": "SELL",
        "value": 12727.94339,
        "wallet": "terra1ydeh9exz82qrzw82ycjr6n462u5ldt8m8qt4rh"
      },
      {
        "amount": 9477.683347,
        "baseAmount": 12751.899773,
        "baseSymbol": "CWLUNC",
        "pairId": "amplunc-cwlunc",
        "price": 1.3454659019639432,
        "sourceContract": "terra132qwlqxffksjfg6ntzp4m5786lrlmgrufzx5c6",
        "sourcePairId": "amplunc-cwlunc-ref-1",
        "sourceType": "reference",
        "timestamp": "2026-04-23T19:45:53Z",
        "tokenAmount": 9477.683347,
        "tokenSymbol": "AMPLUNC",
        "txhash": "250A151132EAF845BB1FC87403EC517CDE3C16E307305579F013C0977C333120",
        "type": "SELL",
        "value": 12751.899773,
        "wallet": "terra1ydeh9exz82qrzw82ycjr6n462u5ldt8m8qt4rh"
      },
      {
        "amount": 61.955922,
        "baseAmount": 81.230312,
        "baseSymbol": "CWLUNC",
        "pairId": "amplunc-cwlunc",
        "price": 1.311098428976652,
        "sourceContract": "terra12gkp648mkgj6esr5y6dwc2q4mftnfzk2pudka8",
        "sourcePairId": "amplunc-cwlunc-ref-2",
        "sourceType": "reference",
        "timestamp": "2026-04-23T07:29:08Z",
        "tokenAmount": 61.955922,
        "tokenSymbol": "AMPLUNC",
        "txhash": "A2446B0BC06B78A889AAF53430A65D80A57C0291B80CFC0ED87EB367898724B5",
        "type": "SELL",
        "value": 81.230312,
        "wallet": "terra1g3zc8lwwmkrm0cz9wkgl849pdqaw6cq8lh7872"
      },
      {
        "amount": 8890.138446,
        "baseAmount": 11694.755967,
        "baseSymbol": "CWLUNC",
        "pairId": "amplunc-cwlunc",
        "price": 1.315475123141856,
        "sourceContract": "terra12gkp648mkgj6esr5y6dwc2q4mftnfzk2pudka8",
        "sourcePairId": "amplunc-cwlunc-ref-2",
        "sourceType": "reference",
        "timestamp": "2026-04-22T16:24:48Z",
        "tokenAmount": 8890.138446,
        "tokenSymbol": "AMPLUNC",
        "txhash": "4E537BDC453503AB3944A194223C3F6EDCBFC1D7F8E6B809AB45536B2C7EFCB7",
        "type": "SELL",
        "value": 11694.755967,
        "wallet": "terra1g3zc8lwwmkrm0cz9wkgl849pdqaw6cq8lh7872"
      },
      {
        "amount": 8147.318522,
        "baseAmount": 10785.999342,
        "baseSymbol": "CWLUNC",
        "pairId": "amplunc-cwlunc",
        "price": 1.323871076462131,
        "sourceContract": "terra12gkp648mkgj6esr5y6dwc2q4mftnfzk2pudka8",
        "sourcePairId": "amplunc-cwlunc-ref-2",
        "sourceType": "reference",
        "timestamp": "2026-04-22T13:39:14Z",
        "tokenAmount": 8147.318522,
        "tokenSymbol": "AMPLUNC",
        "txhash": "5FC473FEDB175D38BFFBEC67ABCA4D7F69B710DED2E20797F1B83B5D0B8B6D69",
        "type": "SELL",
        "value": 10785.999342,
        "wallet": "terra1q7a9kg5xusufjfjp3v8ghsc7urfrlj8m99hlwh"
      },
      {
        "amount": 74492.830308,
        "baseAmount": 100000.0,
        "baseSymbol": "CWLUNC",
        "pairId": "amplunc-cwlunc",
        "price": 1.3424110694483937,
        "sourceContract": "terra132qwlqxffksjfg6ntzp4m5786lrlmgrufzx5c6",
        "sourcePairId": "amplunc-cwlunc-ref-1",
        "sourceType": "reference",
        "timestamp": "2026-04-22T13:38:20Z",
        "tokenAmount": 74492.830308,
        "tokenSymbol": "AMPLUNC",
        "txhash": "FB35C3A8249C60E0D0AD1E21F3A9031355B4659D4DC01241BF21B5609BBE2579",
        "type": "BUY",
        "value": 100000.0,
        "wallet": "terra10fsmdspfdukffwv0lrjm6gc9w3fcrl9fe076cl"
      },
      {
        "amount": 1551.757883,
        "baseAmount": 2062.96864,
        "baseSymbol": "CWLUNC",
        "pairId": "amplunc-cwlunc",
        "price": 1.3294397680208208,
        "sourceContract": "terra132qwlqxffksjfg6ntzp4m5786lrlmgrufzx5c6",
        "sourcePairId": "amplunc-cwlunc-ref-1",
        "sourceType": "reference",
        "timestamp": "2026-04-21T23:56:31Z",
        "tokenAmount": 1551.757883,
        "tokenSymbol": "AMPLUNC",
        "txhash": "6CD9E0832D3F918244B2E0ED378A839958863800453E40A90F7DE6FCFE57DA0F",
        "type": "BUY",
        "value": 2062.96864,
        "wallet": "terra1ydeh9exz82qrzw82ycjr6n462u5ldt8m8qt4rh"
      },
      {
        "amount": 37813.387284,
        "baseAmount": 50199.600611,
        "baseSymbol": "CWLUNC",
        "pairId": "amplunc-cwlunc",
        "price": 1.3275615917181,
        "sourceContract": "terra132qwlqxffksjfg6ntzp4m5786lrlmgrufzx5c6",
        "sourcePairId": "amplunc-cwlunc-ref-1",
        "sourceType": "reference",
        "timestamp": "2026-04-21T23:56:02Z",
        "tokenAmount": 37813.387284,
        "tokenSymbol": "AMPLUNC",
        "txhash": "3EDF2F6AD7AE9B010C66303E377AA68C807C209D5EE6A93E281FE7C3CA50C71C",
        "type": "SELL",
        "value": 50199.600611,
        "wallet": "terra1gygragtv7rhv86scnq4lkw0kw499939qer9ur5"
      },
      {
        "amount": 56720.080925,
        "baseAmount": 76211.043518,
        "baseSymbol": "CWLUNC",
        "pairId": "amplunc-cwlunc",
        "price": 1.3436342521931972,
        "sourceContract": "terra132qwlqxffksjfg6ntzp4m5786lrlmgrufzx5c6",
        "sourcePairId": "amplunc-cwlunc-ref-1",
        "sourceType": "reference",
        "timestamp": "2026-04-21T23:55:10Z",
        "tokenAmount": 56720.080925,
        "tokenSymbol": "AMPLUNC",
        "txhash": "6EF74133A27D60EEC1655A5A3CE0A04BF1FDE100B1BF078E2E49B06B65CC60DC",
        "type": "SELL",
        "value": 76211.043518,
        "wallet": "terra1gygragtv7rhv86scnq4lkw0kw499939qer9ur5"
      },
      {
        "amount": 56720.080925,
        "baseAmount": 77326.594218,
        "baseSymbol": "CWLUNC",
        "pairId": "amplunc-cwlunc",
        "price": 1.3633019022001684,
        "sourceContract": "terra132qwlqxffksjfg6ntzp4m5786lrlmgrufzx5c6",
        "sourcePairId": "amplunc-cwlunc-ref-1",
        "sourceType": "reference",
        "timestamp": "2026-04-21T23:53:59Z",
        "tokenAmount": 56720.080925,
        "tokenSymbol": "AMPLUNC",
        "txhash": "07F7AB5A48B239B5B100C87368ED838A003141B359DC062A9F014E8304D97789",
        "type": "SELL",
        "value": 77326.594218,
        "wallet": "terra1gygragtv7rhv86scnq4lkw0kw499939qer9ur5"
      },
      {
        "amount": 56720.080925,
        "baseAmount": 78466.827486,
        "baseSymbol": "CWLUNC",
        "pairId": "amplunc-cwlunc",
        "price": 1.3834047167484713,
        "sourceContract": "terra132qwlqxffksjfg6ntzp4m5786lrlmgrufzx5c6",
        "sourcePairId": "amplunc-cwlunc-ref-1",
        "sourceType": "reference",
        "timestamp": "2026-04-21T23:53:17Z",
        "tokenAmount": 56720.080925,
        "tokenSymbol": "AMPLUNC",
        "txhash": "50B96FAC7F6941C83A35CC37CC89461D09E910BF1A92E6DCC94CE32BA86D95DF",
        "type": "SELL",
        "value": 78466.827486,
        "wallet": "terra1gygragtv7rhv86scnq4lkw0kw499939qer9ur5"
      },
      {
        "amount": 37813.387283,
        "baseAmount": 52957.332945,
        "baseSymbol": "CWLUNC",
        "pairId": "amplunc-cwlunc",
        "price": 1.4004916446300055,
        "sourceContract": "terra132qwlqxffksjfg6ntzp4m5786lrlmgrufzx5c6",
        "sourcePairId": "amplunc-cwlunc-ref-1",
        "sourceType": "reference",
        "timestamp": "2026-04-21T23:52:36Z",
        "tokenAmount": 37813.387283,
        "tokenSymbol": "AMPLUNC",
        "txhash": "D8DEEE4B93B424419CD5963E22F59B290D8E018698532D11DBD1892198D78881",
        "type": "SELL",
        "value": 52957.332945,
        "wallet": "terra1gygragtv7rhv86scnq4lkw0kw499939qer9ur5"
      },
      {
        "amount": 75626.774567,
        "baseAmount": 107499.310855,
        "baseSymbol": "CWLUNC",
        "pairId": "amplunc-cwlunc",
        "price": 1.4214451359387696,
        "sourceContract": "terra132qwlqxffksjfg6ntzp4m5786lrlmgrufzx5c6",
        "sourcePairId": "amplunc-cwlunc-ref-1",
        "sourceType": "reference",
        "timestamp": "2026-04-21T23:51:19Z",
        "tokenAmount": 75626.774567,
        "tokenSymbol": "AMPLUNC",
        "txhash": "EFC1760911CB9A3881450ECBD84F6700DA5A728C15921A4A57E6E45DB820273E",
        "type": "SELL",
        "value": 107499.310855,
        "wallet": "terra1gygragtv7rhv86scnq4lkw0kw499939qer9ur5"
      },
      {
        "amount": 75626.774567,
        "baseAmount": 109666.139796,
        "baseSymbol": "CWLUNC",
        "pairId": "amplunc-cwlunc",
        "price": 1.4500967471360757,
        "sourceContract": "terra132qwlqxffksjfg6ntzp4m5786lrlmgrufzx5c6",
        "sourcePairId": "amplunc-cwlunc-ref-1",
        "sourceType": "reference",
        "timestamp": "2026-04-21T23:50:20Z",
        "tokenAmount": 75626.774567,
        "tokenSymbol": "AMPLUNC",
        "txhash": "0F3604B26750D7A2DD01E0F2643C9A0AF702ABEAEEE1605B1C629C934A73462F",
        "type": "SELL",
        "value": 109666.139796,
        "wallet": "terra1gygragtv7rhv86scnq4lkw0kw499939qer9ur5"
      },
      {
        "amount": 699.147409,
        "baseAmount": 1024.154883,
        "baseSymbol": "CWLUNC",
        "pairId": "amplunc-cwlunc",
        "price": 1.464862588084053,
        "sourceContract": "terra132qwlqxffksjfg6ntzp4m5786lrlmgrufzx5c6",
        "sourcePairId": "amplunc-cwlunc-ref-1",
        "sourceType": "reference",
        "timestamp": "2026-04-21T23:19:52Z",
        "tokenAmount": 699.147409,
        "tokenSymbol": "AMPLUNC",
        "txhash": "8CD869E45D56ED8C19DB914F9A1B8AC6EF2271827499D89C879B03B0301A3812",
        "type": "SELL",
        "value": 1024.154883,
        "wallet": "terra10fsmdspfdukffwv0lrjm6gc9w3fcrl9fe076cl"
      },
      {
        "amount": 558.3845,
        "baseAmount": 818.093681,
        "baseSymbol": "CWLUNC",
        "pairId": "amplunc-cwlunc",
        "price": 1.4651081485965316,
        "sourceContract": "terra132qwlqxffksjfg6ntzp4m5786lrlmgrufzx5c6",
        "sourcePairId": "amplunc-cwlunc-ref-1",
        "sourceType": "reference",
        "timestamp": "2026-04-21T23:17:54Z",
        "tokenAmount": 558.3845,
        "tokenSymbol": "AMPLUNC",
        "txhash": "E32DD64F904A3E692E9032D9E030688974F990E3F5597BFE8DCED36A2CB4D65C",
        "type": "SELL",
        "value": 818.093681,
        "wallet": "terra10fsmdspfdukffwv0lrjm6gc9w3fcrl9fe076cl"
      },
      {
        "amount": 802.257668,
        "baseAmount": 1175.6074,
        "baseSymbol": "CWLUNC",
        "pairId": "amplunc-cwlunc",
        "price": 1.4653738404654304,
        "sourceContract": "terra132qwlqxffksjfg6ntzp4m5786lrlmgrufzx5c6",
        "sourcePairId": "amplunc-cwlunc-ref-1",
        "sourceType": "reference",
        "timestamp": "2026-04-21T23:15:50Z",
        "tokenAmount": 802.257668,
        "tokenSymbol": "AMPLUNC",
        "txhash": "C01093D78B24AE5C3CD30022B35A08358E8A6F9978AFE9520D7B0AA17FFA3BB2",
        "type": "SELL",
        "value": 1175.6074,
        "wallet": "terra10fsmdspfdukffwv0lrjm6gc9w3fcrl9fe076cl"
      },
      {
        "amount": 1439.926884,
        "baseAmount": 2110.661798,
        "baseSymbol": "CWLUNC",
        "pairId": "amplunc-cwlunc",
        "price": 1.4658117863156725,
        "sourceContract": "terra132qwlqxffksjfg6ntzp4m5786lrlmgrufzx5c6",
        "sourcePairId": "amplunc-cwlunc-ref-1",
        "sourceType": "reference",
        "timestamp": "2026-04-21T22:59:59Z",
        "tokenAmount": 1439.926884,
        "tokenSymbol": "AMPLUNC",
        "txhash": "F5F68F2D7E63F74D36C93EA5F1FF609CBDDC7F1D02F04F1D89134586362ED01B",
        "type": "SELL",
        "value": 2110.661798,
        "wallet": "terra10fsmdspfdukffwv0lrjm6gc9w3fcrl9fe076cl"
      },
      {
        "amount": 9002.527332,
        "baseAmount": 13214.391972,
        "baseSymbol": "CWLUNC",
        "pairId": "amplunc-cwlunc",
        "price": 1.4678535798529249,
        "sourceContract": "terra132qwlqxffksjfg6ntzp4m5786lrlmgrufzx5c6",
        "sourcePairId": "amplunc-cwlunc-ref-1",
        "sourceType": "reference",
        "timestamp": "2026-04-21T21:46:29Z",
        "tokenAmount": 9002.527332,
        "tokenSymbol": "AMPLUNC",
        "txhash": "BA1BB89645F3901D84E5297541E014A9645CF139B60FF959F85302F02E753E2A",
        "type": "SELL",
        "value": 13214.391972,
        "wallet": "terra1ydeh9exz82qrzw82ycjr6n462u5ldt8m8qt4rh"
      },
      {
        "amount": 10806.414342,
        "baseAmount": 15487.909529,
        "baseSymbol": "CWLUNC",
        "pairId": "amplunc-cwlunc",
        "price": 1.4332144815884944,
        "sourceContract": "terra12gkp648mkgj6esr5y6dwc2q4mftnfzk2pudka8",
        "sourcePairId": "amplunc-cwlunc-ref-2",
        "sourceType": "reference",
        "timestamp": "2026-04-21T21:46:05Z",
        "tokenAmount": 10806.414342,
        "tokenSymbol": "AMPLUNC",
        "txhash": "C49B3592F5F71B67818A6E36FA2B6EFEEB148ED9E83AD45B1B14635BDECB7AA9",
        "type": "SELL",
        "value": 15487.909529,
        "wallet": "terra1q7a9kg5xusufjfjp3v8ghsc7urfrlj8m99hlwh"
      },
      {
        "amount": 129008.072525,
        "baseAmount": 187500.0,
        "baseSymbol": "CWLUNC",
        "pairId": "amplunc-cwlunc",
        "price": 1.4533974218060275,
        "sourceContract": "terra132qwlqxffksjfg6ntzp4m5786lrlmgrufzx5c6",
        "sourcePairId": "amplunc-cwlunc-ref-1",
        "sourceType": "reference",
        "timestamp": "2026-04-21T21:45:59Z",
        "tokenAmount": 129008.072525,
        "tokenSymbol": "AMPLUNC",
        "txhash": "E2B73B95E83A8AD2DAF35A7080DC54E161F7866C2ABE0CDB1DA5A0F801E7312F",
        "type": "BUY",
        "value": 187500.0,
        "wallet": "terra1yz3hv2k3a5z3tuu7fufcf7xvn2aawcu7c2fzdm"
      },
      {
        "amount": 9179.233875,
        "baseAmount": 13051.453601,
        "baseSymbol": "CWLUNC",
        "pairId": "amplunc-cwlunc",
        "price": 1.421845633168378,
        "sourceContract": "terra132qwlqxffksjfg6ntzp4m5786lrlmgrufzx5c6",
        "sourcePairId": "amplunc-cwlunc-ref-1",
        "sourceType": "reference",
        "timestamp": "2026-04-21T21:23:48Z",
        "tokenAmount": 9179.233875,
        "tokenSymbol": "AMPLUNC",
        "txhash": "63F0A6C91881409E908CD0960683A6E26BA210BA8F5BA7338DA74DC393513802",
        "type": "SELL",
        "value": 13051.453601,
        "wallet": "terra1ydeh9exz82qrzw82ycjr6n462u5ldt8m8qt4rh"
      },
      {
        "amount": 11358.931917,
        "baseAmount": 15870.084996,
        "baseSymbol": "CWLUNC",
        "pairId": "amplunc-cwlunc",
        "price": 1.39714588589518,
        "sourceContract": "terra12gkp648mkgj6esr5y6dwc2q4mftnfzk2pudka8",
        "sourcePairId": "amplunc-cwlunc-ref-2",
        "sourceType": "reference",
        "timestamp": "2026-04-21T21:23:48Z",
        "tokenAmount": 11358.931917,
        "tokenSymbol": "AMPLUNC",
        "txhash": "F2CDF27B5B0CFADD1AAC14F3D81BD418DC2BA032A57B953F8FC39E03FC9A86AA",
        "type": "SELL",
        "value": 15870.084996,
        "wallet": "terra1q7a9kg5xusufjfjp3v8ghsc7urfrlj8m99hlwh"
      },
      {
        "amount": 23836.496528,
        "baseAmount": 33758.387868,
        "baseSymbol": "CWLUNC",
        "pairId": "amplunc-cwlunc",
        "price": 1.41624788812169,
        "sourceContract": "terra12gkp648mkgj6esr5y6dwc2q4mftnfzk2pudka8",
        "sourcePairId": "amplunc-cwlunc-ref-2",
        "sourceType": "reference",
        "timestamp": "2026-04-21T21:23:42Z",
        "tokenAmount": 23836.496528,
        "tokenSymbol": "AMPLUNC",
        "txhash": "FD6A89B37375DCC46EE6A2CED4AEF6DDB9A193E9FDCE1C7112052B31FFA450CC",
        "type": "SELL",
        "value": 33758.387868,
        "wallet": "terra1q7a9kg5xusufjfjp3v8ghsc7urfrlj8m99hlwh"
      },
      {
        "amount": 271193.901229,
        "baseAmount": 375000.0,
        "baseSymbol": "CWLUNC",
        "pairId": "amplunc-cwlunc",
        "price": 1.3827744587933954,
        "sourceContract": "terra132qwlqxffksjfg6ntzp4m5786lrlmgrufzx5c6",
        "sourcePairId": "amplunc-cwlunc-ref-1",
        "sourceType": "reference",
        "timestamp": "2026-04-21T21:23:36Z",
        "tokenAmount": 271193.901229,
        "tokenSymbol": "AMPLUNC",
        "txhash": "9966978C2300D7219D05853B4396644F35B14083BA7189CD0D2181D71DFBCDA6",
        "type": "BUY",
        "value": 375000.0,
        "wallet": "terra1yz3hv2k3a5z3tuu7fufcf7xvn2aawcu7c2fzdm"
      },
      {
        "amount": 56720.080925,
        "baseAmount": 75813.345929,
        "baseSymbol": "CWLUNC",
        "pairId": "amplunc-cwlunc",
        "price": 1.3366226685968008,
        "sourceContract": "terra132qwlqxffksjfg6ntzp4m5786lrlmgrufzx5c6",
        "sourcePairId": "amplunc-cwlunc-ref-1",
        "sourceType": "reference",
        "timestamp": "2026-04-21T17:32:25Z",
        "tokenAmount": 56720.080925,
        "tokenSymbol": "AMPLUNC",
        "txhash": "9228AC1D5431812FF81C6B838ED9543EF0739AA26ECEA550620E53C6065FBA5F",
        "type": "SELL",
        "value": 75813.345929,
        "wallet": "terra1gygragtv7rhv86scnq4lkw0kw499939qer9ur5"
      },
      {
        "amount": 37813.387283,
        "baseAmount": 51155.814097,
        "baseSymbol": "CWLUNC",
        "pairId": "amplunc-cwlunc",
        "price": 1.3528492889077526,
        "sourceContract": "terra132qwlqxffksjfg6ntzp4m5786lrlmgrufzx5c6",
        "sourcePairId": "amplunc-cwlunc-ref-1",
        "sourceType": "reference",
        "timestamp": "2026-04-21T17:31:02Z",
        "tokenAmount": 37813.387283,
        "tokenSymbol": "AMPLUNC",
        "txhash": "945C75F8DF8990A9E80B6B1EE5B9CD387496F2F53254FE58FE4E7A5C0AB0B8C5",
        "type": "SELL",
        "value": 51155.814097,
        "wallet": "terra1gygragtv7rhv86scnq4lkw0kw499939qer9ur5"
      },
      {
        "amount": 37813.387283,
        "baseAmount": 51654.966386,
        "baseSymbol": "CWLUNC",
        "pairId": "amplunc-cwlunc",
        "price": 1.366049700848219,
        "sourceContract": "terra132qwlqxffksjfg6ntzp4m5786lrlmgrufzx5c6",
        "sourcePairId": "amplunc-cwlunc-ref-1",
        "sourceType": "reference",
        "timestamp": "2026-04-21T17:30:03Z",
        "tokenAmount": 37813.387283,
        "tokenSymbol": "AMPLUNC",
        "txhash": "F87BF5F909E750F9E5540019D6D70949938C322895FB80A322546890C4E0B254",
        "type": "SELL",
        "value": 51654.966386,
        "wallet": "terra1gygragtv7rhv86scnq4lkw0kw499939qer9ur5"
      },
      {
        "amount": 56720.080925,
        "baseAmount": 78434.270917,
        "baseSymbol": "CWLUNC",
        "pairId": "amplunc-cwlunc",
        "price": 1.3828307301026652,
        "sourceContract": "terra132qwlqxffksjfg6ntzp4m5786lrlmgrufzx5c6",
        "sourcePairId": "amplunc-cwlunc-ref-1",
        "sourceType": "reference",
        "timestamp": "2026-04-21T17:29:05Z",
        "tokenAmount": 56720.080925,
        "tokenSymbol": "AMPLUNC",
        "txhash": "8395FC568CD227E5626169D9CA1FCF786372F9496431AB462D67B9255CDF732D",
        "type": "SELL",
        "value": 78434.270917,
        "wallet": "terra1gygragtv7rhv86scnq4lkw0kw499939qer9ur5"
      },
      {
        "amount": 56720.080925,
        "baseAmount": 79599.316472,
        "baseSymbol": "CWLUNC",
        "pairId": "amplunc-cwlunc",
        "price": 1.4033709961953833,
        "sourceContract": "terra132qwlqxffksjfg6ntzp4m5786lrlmgrufzx5c6",
        "sourcePairId": "amplunc-cwlunc-ref-1",
        "sourceType": "reference",
        "timestamp": "2026-04-21T17:27:41Z",
        "tokenAmount": 56720.080925,
        "tokenSymbol": "AMPLUNC",
        "txhash": "B624E60AE08434EAE237F9A88775BA023D3BCF65E2E12A3598E8E054F6DDA570",
        "type": "SELL",
        "value": 79599.316472,
        "wallet": "terra1gygragtv7rhv86scnq4lkw0kw499939qer9ur5"
      }
    ],
    "astro-cwlunc": [
      {
        "amount": 1351.632304,
        "baseAmount": 11124.073086,
        "baseSymbol": "CWLUNC",
        "pairId": "astro-cwlunc",
        "price": 8.230103004404073,
        "sourceContract": "terra1nujm9zqa4hpaz9s8wrhrp86h3m9xwprjt9kmf9",
        "sourcePairId": "astro-cwlunc-ref-1",
        "sourceType": "reference",
        "timestamp": "2026-04-28T07:06:14Z",
        "tokenAmount": 1351.632304,
        "tokenSymbol": "ASTRO",
        "txhash": "E91791D43475C5EDA16F2764B1E48C5F95EA3CAA16851DB98BB696AE6455001C",
        "type": "SELL",
        "value": 11124.073086,
        "wallet": "terra1ydeh9exz82qrzw82ycjr6n462u5ldt8m8qt4rh"
      },
      {
        "amount": 1351.596222,
        "baseAmount": 11363.110985,
        "baseSymbol": "CWLUNC",
        "pairId": "astro-cwlunc",
        "price": 8.407178712134636,
        "sourceContract": "terra1nujm9zqa4hpaz9s8wrhrp86h3m9xwprjt9kmf9",
        "sourcePairId": "astro-cwlunc-ref-1",
        "sourceType": "reference",
        "timestamp": "2026-04-28T00:44:53Z",
        "tokenAmount": 1351.596222,
        "tokenSymbol": "ASTRO",
        "txhash": "870136E3C2658535875A670C29F019A69BDA3D219B4389B8ADE8C796010819BA",
        "type": "SELL",
        "value": 11363.110985,
        "wallet": "terra1ydeh9exz82qrzw82ycjr6n462u5ldt8m8qt4rh"
      },
      {
        "amount": 1299.02133,
        "baseAmount": 11153.919894,
        "baseSymbol": "CWLUNC",
        "pairId": "astro-cwlunc",
        "price": 8.586402421890948,
        "sourceContract": "terra1nujm9zqa4hpaz9s8wrhrp86h3m9xwprjt9kmf9",
        "sourcePairId": "astro-cwlunc-ref-1",
        "sourceType": "reference",
        "timestamp": "2026-04-27T23:24:12Z",
        "tokenAmount": 1299.02133,
        "tokenSymbol": "ASTRO",
        "txhash": "2B0FD4B6595942FD3C1CA3ACF3E56B5EB82DC9038875C75CC2EE62095DA0A6D9",
        "type": "SELL",
        "value": 11153.919894,
        "wallet": "terra1ydeh9exz82qrzw82ycjr6n462u5ldt8m8qt4rh"
      },
      {
        "amount": 1308.136689,
        "baseAmount": 11470.210263,
        "baseSymbol": "CWLUNC",
        "pairId": "astro-cwlunc",
        "price": 8.7683575878973,
        "sourceContract": "terra1nujm9zqa4hpaz9s8wrhrp86h3m9xwprjt9kmf9",
        "sourcePairId": "astro-cwlunc-ref-1",
        "sourceType": "reference",
        "timestamp": "2026-04-27T20:46:24Z",
        "tokenAmount": 1308.136689,
        "tokenSymbol": "ASTRO",
        "txhash": "6E6B0CD84AB9CC31929F699935E68A6EAE8A45EFE8E411B4EEEF2B2ABB6D8F9D",
        "type": "SELL",
        "value": 11470.210263,
        "wallet": "terra1ydeh9exz82qrzw82ycjr6n462u5ldt8m8qt4rh"
      },
      {
        "amount": 1288.884416,
        "baseAmount": 11542.488069,
        "baseSymbol": "CWLUNC",
        "pairId": "astro-cwlunc",
        "price": 8.955409752584051,
        "sourceContract": "terra1nujm9zqa4hpaz9s8wrhrp86h3m9xwprjt9kmf9",
        "sourcePairId": "astro-cwlunc-ref-1",
        "sourceType": "reference",
        "timestamp": "2026-04-27T08:29:12Z",
        "tokenAmount": 1288.884416,
        "tokenSymbol": "ASTRO",
        "txhash": "0F842F14E393CFE019FC52A59F96108BF6FDA9B0AC73944B1C01557287E8666F",
        "type": "SELL",
        "value": 11542.488069,
        "wallet": "terra1ydeh9exz82qrzw82ycjr6n462u5ldt8m8qt4rh"
      },
      {
        "amount": 1247.735835,
        "baseAmount": 11409.227916,
        "baseSymbol": "CWLUNC",
        "pairId": "astro-cwlunc",
        "price": 9.143945053080888,
        "sourceContract": "terra1nujm9zqa4hpaz9s8wrhrp86h3m9xwprjt9kmf9",
        "sourcePairId": "astro-cwlunc-ref-1",
        "sourceType": "reference",
        "timestamp": "2026-04-27T06:47:23Z",
        "tokenAmount": 1247.735835,
        "tokenSymbol": "ASTRO",
        "txhash": "267BD8EE63DA4F62969E56C9629C31E2D9FA4400FE9EE32F6866E0941B4BFA27",
        "type": "SELL",
        "value": 11409.227916,
        "wallet": "terra1ydeh9exz82qrzw82ycjr6n462u5ldt8m8qt4rh"
      },
      {
        "amount": 113.232296,
        "baseAmount": 123.0,
        "baseSymbol": "CWLUNC",
        "pairId": "astro-cwlunc",
        "price": 1.08626252707973,
        "sourceContract": "terra1udqrxagr6tu0snr89hcyntj3zm0tjra3pslalsvyq6aczmr7aqtsfyyv48",
        "sourcePairId": "astro-cwlunc",
        "sourceType": "primary",
        "timestamp": "2026-04-27T01:15:44Z",
        "tokenAmount": 113.232296,
        "tokenSymbol": "ASTRO",
        "txhash": "6EDF3DBF10E9766C278157A5432CABC7BE877E3DA8B9892BD272F8CB52926C8D",
        "type": "BUY",
        "value": 123.0,
        "wallet": "terra1nynrxdccq0r9ghrz0sq7tjkkh8wug0ggg4lkzsags8r9dyhf7ypqx5gsr8"
      },
      {
        "amount": 1249.074569,
        "baseAmount": 11660.62572,
        "baseSymbol": "CWLUNC",
        "pairId": "astro-cwlunc",
        "price": 9.335411999729857,
        "sourceContract": "terra1nujm9zqa4hpaz9s8wrhrp86h3m9xwprjt9kmf9",
        "sourcePairId": "astro-cwlunc-ref-1",
        "sourceType": "reference",
        "timestamp": "2026-04-26T23:02:42Z",
        "tokenAmount": 1249.074569,
        "tokenSymbol": "ASTRO",
        "txhash": "A24278F798C2654558D84A0840FACECBAFF3DC05BF68F0F1D07EF7A08EA28291",
        "type": "SELL",
        "value": 11660.62572,
        "wallet": "terra1ydeh9exz82qrzw82ycjr6n462u5ldt8m8qt4rh"
      },
      {
        "amount": 1230.208235,
        "baseAmount": 11725.782723,
        "baseSymbol": "CWLUNC",
        "pairId": "astro-cwlunc",
        "price": 9.531543026128418,
        "sourceContract": "terra1nujm9zqa4hpaz9s8wrhrp86h3m9xwprjt9kmf9",
        "sourcePairId": "astro-cwlunc-ref-1",
        "sourceType": "reference",
        "timestamp": "2026-04-26T22:12:23Z",
        "tokenAmount": 1230.208235,
        "tokenSymbol": "ASTRO",
        "txhash": "BAF956DE0BD206A32C5FF8100AD5117C2EEDA857C55324546D09E2AA94AD2E40",
        "type": "SELL",
        "value": 11725.782723,
        "wallet": "terra1ydeh9exz82qrzw82ycjr6n462u5ldt8m8qt4rh"
      },
      {
        "amount": 1210.007849,
        "baseAmount": 11774.203227,
        "baseSymbol": "CWLUNC",
        "pairId": "astro-cwlunc",
        "price": 9.730683347823472,
        "sourceContract": "terra1nujm9zqa4hpaz9s8wrhrp86h3m9xwprjt9kmf9",
        "sourcePairId": "astro-cwlunc-ref-1",
        "sourceType": "reference",
        "timestamp": "2026-04-26T20:44:23Z",
        "tokenAmount": 1210.007849,
        "tokenSymbol": "ASTRO",
        "txhash": "DD5BF0B5D151A69852240786331DB1375EB7DBBE94E1E843D5C0145AEC643394",
        "type": "SELL",
        "value": 11774.203227,
        "wallet": "terra1ydeh9exz82qrzw82ycjr6n462u5ldt8m8qt4rh"
      },
      {
        "amount": 1192.443264,
        "baseAmount": 11844.425015,
        "baseSymbol": "CWLUNC",
        "pairId": "astro-cwlunc",
        "price": 9.932904459763044,
        "sourceContract": "terra1nujm9zqa4hpaz9s8wrhrp86h3m9xwprjt9kmf9",
        "sourcePairId": "astro-cwlunc-ref-1",
        "sourceType": "reference",
        "timestamp": "2026-04-26T18:08:42Z",
        "tokenAmount": 1192.443264,
        "tokenSymbol": "ASTRO",
        "txhash": "42A9ACC7BC87F4834997138FC00B22A1D37BE3E3B5D4B0F4C25F7B6AB13B7846",
        "type": "SELL",
        "value": 11844.425015,
        "wallet": "terra1ydeh9exz82qrzw82ycjr6n462u5ldt8m8qt4rh"
      },
      {
        "amount": 1174.602033,
        "baseAmount": 11908.556879,
        "baseSymbol": "CWLUNC",
        "pairId": "astro-cwlunc",
        "price": 10.138375845123369,
        "sourceContract": "terra1nujm9zqa4hpaz9s8wrhrp86h3m9xwprjt9kmf9",
        "sourcePairId": "astro-cwlunc-ref-1",
        "sourceType": "reference",
        "timestamp": "2026-04-25T22:25:57Z",
        "tokenAmount": 1174.602033,
        "tokenSymbol": "ASTRO",
        "txhash": "371C0C9AAD7F580E12FD09271332BB641C7F8AF2393B5138AFECFBF782462DD2",
        "type": "SELL",
        "value": 11908.556879,
        "wallet": "terra1ydeh9exz82qrzw82ycjr6n462u5ldt8m8qt4rh"
      },
      {
        "amount": 1152.286045,
        "baseAmount": 11922.288241,
        "baseSymbol": "CWLUNC",
        "pairId": "astro-cwlunc",
        "price": 10.34663944142446,
        "sourceContract": "terra1nujm9zqa4hpaz9s8wrhrp86h3m9xwprjt9kmf9",
        "sourcePairId": "astro-cwlunc-ref-1",
        "sourceType": "reference",
        "timestamp": "2026-04-24T01:48:49Z",
        "tokenAmount": 1152.286045,
        "tokenSymbol": "ASTRO",
        "txhash": "FF54F44C818F758EBFB03FC3515A4940E66FAEBCCB4AD26131436D9046D4D24D",
        "type": "SELL",
        "value": 11922.288241,
        "wallet": "terra1ydeh9exz82qrzw82ycjr6n462u5ldt8m8qt4rh"
      },
      {
        "amount": 1138.843583,
        "baseAmount": 12023.958115,
        "baseSymbol": "CWLUNC",
        "pairId": "astro-cwlunc",
        "price": 10.558041766654094,
        "sourceContract": "terra1nujm9zqa4hpaz9s8wrhrp86h3m9xwprjt9kmf9",
        "sourcePairId": "astro-cwlunc-ref-1",
        "sourceType": "reference",
        "timestamp": "2026-04-23T23:42:13Z",
        "tokenAmount": 1138.843583,
        "tokenSymbol": "ASTRO",
        "txhash": "EA8957C9410F74D7D856BE585CC458700C580920ED46C88B492884F14C2ED088",
        "type": "SELL",
        "value": 12023.958115,
        "wallet": "terra1ydeh9exz82qrzw82ycjr6n462u5ldt8m8qt4rh"
      },
      {
        "amount": 1104.715928,
        "baseAmount": 11737.359849,
        "baseSymbol": "CWLUNC",
        "pairId": "astro-cwlunc",
        "price": 10.62477651630275,
        "sourceContract": "terra1nujm9zqa4hpaz9s8wrhrp86h3m9xwprjt9kmf9",
        "sourcePairId": "astro-cwlunc-ref-1",
        "sourceType": "reference",
        "timestamp": "2026-04-15T14:44:07Z",
        "tokenAmount": 1104.715928,
        "tokenSymbol": "ASTRO",
        "txhash": "BEAD3303DBD8C6F00ECC94D5047C6D6144EB1B339731FA402EEC6BBAAB953C36",
        "type": "BUY",
        "value": 11737.359849,
        "wallet": "terra1ydeh9exz82qrzw82ycjr6n462u5ldt8m8qt4rh"
      },
      {
        "amount": 236.0454,
        "baseAmount": 2473.63845,
        "baseSymbol": "CWLUNC",
        "pairId": "astro-cwlunc",
        "price": 10.479502883767275,
        "sourceContract": "terra1nujm9zqa4hpaz9s8wrhrp86h3m9xwprjt9kmf9",
        "sourcePairId": "astro-cwlunc-ref-1",
        "sourceType": "reference",
        "timestamp": "2026-04-14T16:42:09Z",
        "tokenAmount": 236.0454,
        "tokenSymbol": "ASTRO",
        "txhash": "0907859B7EBF6A20B4A6743F1E7F6E818CC2A349F96534CCE32353C726A634F4",
        "type": "SELL",
        "value": 2473.63845,
        "wallet": "terra1ydeh9exz82qrzw82ycjr6n462u5ldt8m8qt4rh"
      },
      {
        "amount": 1138.785328,
        "baseAmount": 12080.475313,
        "baseSymbol": "CWLUNC",
        "pairId": "astro-cwlunc",
        "price": 10.608211236982148,
        "sourceContract": "terra1nujm9zqa4hpaz9s8wrhrp86h3m9xwprjt9kmf9",
        "sourcePairId": "astro-cwlunc-ref-1",
        "sourceType": "reference",
        "timestamp": "2026-04-14T03:42:55Z",
        "tokenAmount": 1138.785328,
        "tokenSymbol": "ASTRO",
        "txhash": "5657B5C498D5D2CD5D346966A3E6978FBD9D774D5F53C0D78CE2194A393720FF",
        "type": "SELL",
        "value": 12080.475313,
        "wallet": "terra1ydeh9exz82qrzw82ycjr6n462u5ldt8m8qt4rh"
      },
      {
        "amount": 92.772429,
        "baseAmount": 1000.0,
        "baseSymbol": "CWLUNC",
        "pairId": "astro-cwlunc",
        "price": 10.779064542979683,
        "sourceContract": "terra1udqrxagr6tu0snr89hcyntj3zm0tjra3pslalsvyq6aczmr7aqtsfyyv48",
        "sourcePairId": "astro-cwlunc",
        "sourceType": "primary",
        "timestamp": "2026-04-13T19:57:18Z",
        "tokenAmount": 92.772429,
        "tokenSymbol": "ASTRO",
        "txhash": "8C969AF1FBBD6C332F882D67D20CF97C1288F51CA4ECC2827C70AE6266F0EE8E",
        "type": "BUY",
        "value": 1000.0,
        "wallet": "terra1ypxlst5h5e4d64zun5nw8j9xzmghuemflu7m5h"
      },
      {
        "amount": 158.615229,
        "baseAmount": 1710.734601,
        "baseSymbol": "CWLUNC",
        "pairId": "astro-cwlunc",
        "price": 10.785437260882434,
        "sourceContract": "terra1udqrxagr6tu0snr89hcyntj3zm0tjra3pslalsvyq6aczmr7aqtsfyyv48",
        "sourcePairId": "astro-cwlunc",
        "sourceType": "primary",
        "timestamp": "2026-04-13T19:56:36Z",
        "tokenAmount": 158.615229,
        "tokenSymbol": "ASTRO",
        "txhash": "9B15978F01A8088EFF0D62DEE8AD8E611BDE4E0D9FF0900DB57DFDF0D369BEB6",
        "type": "BUY",
        "value": 1710.734601,
        "wallet": "terra1nynrxdccq0r9ghrz0sq7tjkkh8wug0ggg4lkzsags8r9dyhf7ypqx5gsr8"
      },
      {
        "amount": 92.772429,
        "baseAmount": 1000.0,
        "baseSymbol": "CWLUNC",
        "pairId": "astro-cwlunc",
        "price": 10.779064542979683,
        "sourceContract": "terra1udqrxagr6tu0snr89hcyntj3zm0tjra3pslalsvyq6aczmr7aqtsfyyv48",
        "sourcePairId": "astro-cwlunc",
        "sourceType": "primary",
        "timestamp": "2026-04-13T19:29:14Z",
        "tokenAmount": 92.772429,
        "tokenSymbol": "ASTRO",
        "txhash": "E59103C49A461357462337BE981CDC9EA532852C15CAE6481C2A7528C756F1AE",
        "type": "BUY",
        "value": 1000.0,
        "wallet": "terra1ypxlst5h5e4d64zun5nw8j9xzmghuemflu7m5h"
      },
      {
        "amount": 1112.749559,
        "baseAmount": 12044.260627,
        "baseSymbol": "CWLUNC",
        "pairId": "astro-cwlunc",
        "price": 10.823873646666616,
        "sourceContract": "terra1nujm9zqa4hpaz9s8wrhrp86h3m9xwprjt9kmf9",
        "sourcePairId": "astro-cwlunc-ref-1",
        "sourceType": "reference",
        "timestamp": "2026-04-13T12:06:27Z",
        "tokenAmount": 1112.749559,
        "tokenSymbol": "ASTRO",
        "txhash": "9162BBE309AF7BEDB2CD144BA7EB7728D635321BBC9C733FC633DDFD69ED457A",
        "type": "SELL",
        "value": 12044.260627,
        "wallet": "terra1ydeh9exz82qrzw82ycjr6n462u5ldt8m8qt4rh"
      },
      {
        "amount": 1079.846665,
        "baseAmount": 11921.802129,
        "baseSymbol": "CWLUNC",
        "pairId": "astro-cwlunc",
        "price": 11.04027313822375,
        "sourceContract": "terra1nujm9zqa4hpaz9s8wrhrp86h3m9xwprjt9kmf9",
        "sourcePairId": "astro-cwlunc-ref-1",
        "sourceType": "reference",
        "timestamp": "2026-04-12T11:08:22Z",
        "tokenAmount": 1079.846665,
        "tokenSymbol": "ASTRO",
        "txhash": "84F872DE9B8E89A49E34B5330C2759C1C7FBEE735DD942D33E9DD7634A4CC4E9",
        "type": "SELL",
        "value": 11921.802129,
        "wallet": "terra1ydeh9exz82qrzw82ycjr6n462u5ldt8m8qt4rh"
      },
      {
        "amount": 89.17271,
        "baseAmount": 1000.0,
        "baseSymbol": "CWLUNC",
        "pairId": "astro-cwlunc",
        "price": 11.214193221222054,
        "sourceContract": "terra1udqrxagr6tu0snr89hcyntj3zm0tjra3pslalsvyq6aczmr7aqtsfyyv48",
        "sourcePairId": "astro-cwlunc",
        "sourceType": "primary",
        "timestamp": "2026-04-10T04:55:43Z",
        "tokenAmount": 89.17271,
        "tokenSymbol": "ASTRO",
        "txhash": "527F67ACDC698B07F69C36E0A596654C8FED562B2CC0FE900D82782AE29EDFCC",
        "type": "BUY",
        "value": 1000.0,
        "wallet": "terra17qfdg4k5mdgat2a3ydg6kfj5u6uxcw85gkglwc"
      },
      {
        "amount": 65.686101,
        "baseAmount": 736.458311,
        "baseSymbol": "CWLUNC",
        "pairId": "astro-cwlunc",
        "price": 11.211783007184428,
        "sourceContract": "terra1udqrxagr6tu0snr89hcyntj3zm0tjra3pslalsvyq6aczmr7aqtsfyyv48",
        "sourcePairId": "astro-cwlunc",
        "sourceType": "primary",
        "timestamp": "2026-04-07T05:45:53Z",
        "tokenAmount": 65.686101,
        "tokenSymbol": "ASTRO",
        "txhash": "69B131532D3B78BBFC35AEB52E4376E2040B40CBACC491A39002A690284A7E6C",
        "type": "BUY",
        "value": 736.458311,
        "wallet": "terra1nynrxdccq0r9ghrz0sq7tjkkh8wug0ggg4lkzsags8r9dyhf7ypqx5gsr8"
      },
      {
        "amount": 1079.380223,
        "baseAmount": 12153.604714,
        "baseSymbol": "CWLUNC",
        "pairId": "astro-cwlunc",
        "price": 11.259799332083928,
        "sourceContract": "terra1nujm9zqa4hpaz9s8wrhrp86h3m9xwprjt9kmf9",
        "sourcePairId": "astro-cwlunc-ref-1",
        "sourceType": "reference",
        "timestamp": "2026-04-04T14:30:45Z",
        "tokenAmount": 1079.380223,
        "tokenSymbol": "ASTRO",
        "txhash": "B9EB74574E988CA9FCCFB43253BC63B6F5E961641AFC8E9702915E083FD5A356",
        "type": "SELL",
        "value": 12153.604714,
        "wallet": "terra1ydeh9exz82qrzw82ycjr6n462u5ldt8m8qt4rh"
      },
      {
        "amount": 1071.305866,
        "baseAmount": 12136.167609,
        "baseSymbol": "CWLUNC",
        "pairId": "astro-cwlunc",
        "price": 11.328387152693889,
        "sourceContract": "terra1nujm9zqa4hpaz9s8wrhrp86h3m9xwprjt9kmf9",
        "sourcePairId": "astro-cwlunc-ref-1",
        "sourceType": "reference",
        "timestamp": "2026-04-03T20:42:45Z",
        "tokenAmount": 1071.305866,
        "tokenSymbol": "ASTRO",
        "txhash": "BD54FB3AD640FA157E050DB7387C78ABCC079D2F9D567547CCBE5103AFDE5750",
        "type": "BUY",
        "value": 12136.167609,
        "wallet": "terra1ydeh9exz82qrzw82ycjr6n462u5ldt8m8qt4rh"
      },
      {
        "amount": 1084.736589,
        "baseAmount": 12048.370238,
        "baseSymbol": "CWLUNC",
        "pairId": "astro-cwlunc",
        "price": 11.10718524679543,
        "sourceContract": "terra1nujm9zqa4hpaz9s8wrhrp86h3m9xwprjt9kmf9",
        "sourcePairId": "astro-cwlunc-ref-1",
        "sourceType": "reference",
        "timestamp": "2026-04-03T20:25:25Z",
        "tokenAmount": 1084.736589,
        "tokenSymbol": "ASTRO",
        "txhash": "9FD6A433CA775DBE3C78160809B5B0AED8896E01798DFEB7BEF8197B7D877F6F",
        "type": "BUY",
        "value": 12048.370238,
        "wallet": "terra1ydeh9exz82qrzw82ycjr6n462u5ldt8m8qt4rh"
      },
      {
        "amount": 1082.180769,
        "baseAmount": 11786.377714,
        "baseSymbol": "CWLUNC",
        "pairId": "astro-cwlunc",
        "price": 10.891320610780507,
        "sourceContract": "terra1nujm9zqa4hpaz9s8wrhrp86h3m9xwprjt9kmf9",
        "sourcePairId": "astro-cwlunc-ref-1",
        "sourceType": "reference",
        "timestamp": "2026-04-03T20:19:26Z",
        "tokenAmount": 1082.180769,
        "tokenSymbol": "ASTRO",
        "txhash": "E18F9454C4F7D680670728737B8A4B07B619E70CDBDFF180FFCE795E4EFC9766",
        "type": "BUY",
        "value": 11786.377714,
        "wallet": "terra1ydeh9exz82qrzw82ycjr6n462u5ldt8m8qt4rh"
      },
      {
        "amount": 9.271123,
        "baseAmount": 100.0,
        "baseSymbol": "CWLUNC",
        "pairId": "astro-cwlunc",
        "price": 10.786179840349439,
        "sourceContract": "terra1udqrxagr6tu0snr89hcyntj3zm0tjra3pslalsvyq6aczmr7aqtsfyyv48",
        "sourcePairId": "astro-cwlunc",
        "sourceType": "primary",
        "timestamp": "2026-03-23T19:35:22Z",
        "tokenAmount": 9.271123,
        "tokenSymbol": "ASTRO",
        "txhash": "AA146EADF72011820240894AC77FAC0D22C9DCD31E192596DEF637C100CA53AB",
        "type": "BUY",
        "value": 100.0,
        "wallet": "terra1nynrxdccq0r9ghrz0sq7tjkkh8wug0ggg4lkzsags8r9dyhf7ypqx5gsr8"
      },
      {
        "amount": 73.210388,
        "baseAmount": 790.0,
        "baseSymbol": "CWLUNC",
        "pairId": "astro-cwlunc",
        "price": 10.790818374026376,
        "sourceContract": "terra1udqrxagr6tu0snr89hcyntj3zm0tjra3pslalsvyq6aczmr7aqtsfyyv48",
        "sourcePairId": "astro-cwlunc",
        "sourceType": "primary",
        "timestamp": "2026-03-23T03:31:22Z",
        "tokenAmount": 73.210388,
        "tokenSymbol": "ASTRO",
        "txhash": "D1A68C9189904FBAE083EFA49AEACF49AD9B8C49F3159C93C48CEC90012265D1",
        "type": "BUY",
        "value": 790.0,
        "wallet": "terra1nynrxdccq0r9ghrz0sq7tjkkh8wug0ggg4lkzsags8r9dyhf7ypqx5gsr8"
      },
      {
        "amount": 1117.249853,
        "baseAmount": 11930.673519,
        "baseSymbol": "CWLUNC",
        "pairId": "astro-cwlunc",
        "price": 10.678608269192585,
        "sourceContract": "terra1nujm9zqa4hpaz9s8wrhrp86h3m9xwprjt9kmf9",
        "sourcePairId": "astro-cwlunc-ref-1",
        "sourceType": "reference",
        "timestamp": "2026-03-12T16:31:35Z",
        "tokenAmount": 1117.249853,
        "tokenSymbol": "ASTRO",
        "txhash": "CEDB49261CC19ED14F60CFC8205338E859C60C32489136FF679BD76ACD00FD19",
        "type": "BUY",
        "value": 11930.673519,
        "wallet": "terra1ydeh9exz82qrzw82ycjr6n462u5ldt8m8qt4rh"
      },
      {
        "amount": 650.343446,
        "baseAmount": 6874.140878,
        "baseSymbol": "CWLUNC",
        "pairId": "astro-cwlunc",
        "price": 10.570016381774993,
        "sourceContract": "terra1nujm9zqa4hpaz9s8wrhrp86h3m9xwprjt9kmf9",
        "sourcePairId": "astro-cwlunc-ref-1",
        "sourceType": "reference",
        "timestamp": "2026-03-12T14:14:49Z",
        "tokenAmount": 650.343446,
        "tokenSymbol": "ASTRO",
        "txhash": "0A81FE25BF82190F79AA2BA944B0135B37082CCB9EA37973C0EC764ECA31D182",
        "type": "SELL",
        "value": 6874.140878,
        "wallet": "terra1f6j6jcqjfk3gxg6kfd0v5ht782y625u349kqqz"
      },
      {
        "amount": 99.448001,
        "baseAmount": 1064.341537,
        "baseSymbol": "CWLUNC",
        "pairId": "astro-cwlunc",
        "price": 10.702493024470144,
        "sourceContract": "terra1udqrxagr6tu0snr89hcyntj3zm0tjra3pslalsvyq6aczmr7aqtsfyyv48",
        "sourcePairId": "astro-cwlunc",
        "sourceType": "primary",
        "timestamp": "2026-03-09T03:27:55Z",
        "tokenAmount": 99.448001,
        "tokenSymbol": "ASTRO",
        "txhash": "500A6AE9F0196DD92EDF6129E54D425B4311BAE778A153D436603988434C129B",
        "type": "BUY",
        "value": 1064.341537,
        "wallet": "terra1nynrxdccq0r9ghrz0sq7tjkkh8wug0ggg4lkzsags8r9dyhf7ypqx5gsr8"
      },
      {
        "amount": 100.0,
        "baseAmount": 1062.419539,
        "baseSymbol": "CWLUNC",
        "pairId": "astro-cwlunc",
        "price": 10.62419539,
        "sourceContract": "terra1udqrxagr6tu0snr89hcyntj3zm0tjra3pslalsvyq6aczmr7aqtsfyyv48",
        "sourcePairId": "astro-cwlunc",
        "sourceType": "primary",
        "timestamp": "2026-03-08T00:24:38Z",
        "tokenAmount": 100.0,
        "tokenSymbol": "ASTRO",
        "txhash": "A52C7C2BAF1A38529A5BAF47CE4DDD624B6D9A6B0A039D98DD1F1BE9B468DB92",
        "type": "SELL",
        "value": 1062.419539,
        "wallet": "terra1nynrxdccq0r9ghrz0sq7tjkkh8wug0ggg4lkzsags8r9dyhf7ypqx5gsr8"
      },
      {
        "amount": 93.346553,
        "baseAmount": 999.0,
        "baseSymbol": "CWLUNC",
        "pairId": "astro-cwlunc",
        "price": 10.702055597060987,
        "sourceContract": "terra1udqrxagr6tu0snr89hcyntj3zm0tjra3pslalsvyq6aczmr7aqtsfyyv48",
        "sourcePairId": "astro-cwlunc",
        "sourceType": "primary",
        "timestamp": "2026-03-08T00:19:58Z",
        "tokenAmount": 93.346553,
        "tokenSymbol": "ASTRO",
        "txhash": "88AB94F2918CFA0A09E2D4A003AFDB75222DE8D68EDFC2B585948B769BC8270F",
        "type": "BUY",
        "value": 999.0,
        "wallet": "terra1nynrxdccq0r9ghrz0sq7tjkkh8wug0ggg4lkzsags8r9dyhf7ypqx5gsr8"
      },
      {
        "amount": 21.941483,
        "baseAmount": 233.232073,
        "baseSymbol": "CWLUNC",
        "pairId": "astro-cwlunc",
        "price": 10.629731499917302,
        "sourceContract": "terra1udqrxagr6tu0snr89hcyntj3zm0tjra3pslalsvyq6aczmr7aqtsfyyv48",
        "sourcePairId": "astro-cwlunc",
        "sourceType": "primary",
        "timestamp": "2026-03-07T23:38:36Z",
        "tokenAmount": 21.941483,
        "tokenSymbol": "ASTRO",
        "txhash": "C37D853535FD4CB19CF2CA47757BE7CACBFB455B2D67D3A484814EE12E6F9171",
        "type": "SELL",
        "value": 233.232073,
        "wallet": "terra1nynrxdccq0r9ghrz0sq7tjkkh8wug0ggg4lkzsags8r9dyhf7ypqx5gsr8"
      },
      {
        "amount": 93.439934,
        "baseAmount": 1000.0,
        "baseSymbol": "CWLUNC",
        "pairId": "astro-cwlunc",
        "price": 10.702062353768358,
        "sourceContract": "terra1udqrxagr6tu0snr89hcyntj3zm0tjra3pslalsvyq6aczmr7aqtsfyyv48",
        "sourcePairId": "astro-cwlunc",
        "sourceType": "primary",
        "timestamp": "2026-03-07T23:17:18Z",
        "tokenAmount": 93.439934,
        "tokenSymbol": "ASTRO",
        "txhash": "51887F37DB13A53D414925F8FF8448A2593642DE72BE267B96A7655544B4CA0C",
        "type": "BUY",
        "value": 1000.0,
        "wallet": "terra1nynrxdccq0r9ghrz0sq7tjkkh8wug0ggg4lkzsags8r9dyhf7ypqx5gsr8"
      },
      {
        "amount": 1102.90346,
        "baseAmount": 11841.463069,
        "baseSymbol": "CWLUNC",
        "pairId": "astro-cwlunc",
        "price": 10.73662700178672,
        "sourceContract": "terra1nujm9zqa4hpaz9s8wrhrp86h3m9xwprjt9kmf9",
        "sourcePairId": "astro-cwlunc-ref-1",
        "sourceType": "reference",
        "timestamp": "2026-03-06T18:32:17Z",
        "tokenAmount": 1102.90346,
        "tokenSymbol": "ASTRO",
        "txhash": "78AAEB681027A7F986CC8076853212440DF93038C1C35CC9BE1D5CD0D19F1653",
        "type": "SELL",
        "value": 11841.463069,
        "wallet": "terra1fvlm2alm4twxa45cqlf0d4zcvgfn7qxr6sex69"
      },
      {
        "amount": 551.467354,
        "baseAmount": 6009.457167,
        "baseSymbol": "CWLUNC",
        "pairId": "astro-cwlunc",
        "price": 10.897212905553063,
        "sourceContract": "terra1nujm9zqa4hpaz9s8wrhrp86h3m9xwprjt9kmf9",
        "sourcePairId": "astro-cwlunc-ref-1",
        "sourceType": "reference",
        "timestamp": "2026-03-05T06:03:25Z",
        "tokenAmount": 551.467354,
        "tokenSymbol": "ASTRO",
        "txhash": "AE82DFBEA0356D7C7BF19A40561D231D615CA8FCAAD22C9AA2A0DB4FA0EA21F9",
        "type": "SELL",
        "value": 6009.457167,
        "wallet": "terra1fvlm2alm4twxa45cqlf0d4zcvgfn7qxr6sex69"
      },
      {
        "amount": 26.249399,
        "baseAmount": 289.256656,
        "baseSymbol": "CWLUNC",
        "pairId": "astro-cwlunc",
        "price": 11.019553476252923,
        "sourceContract": "terra1udqrxagr6tu0snr89hcyntj3zm0tjra3pslalsvyq6aczmr7aqtsfyyv48",
        "sourcePairId": "astro-cwlunc",
        "sourceType": "primary",
        "timestamp": "2026-03-05T05:23:38Z",
        "tokenAmount": 26.249399,
        "tokenSymbol": "ASTRO",
        "txhash": "E4D5562BA2C08D07B9E0E12F0CA4470105941EB7F96B2F51CB1A886025A5CDA6",
        "type": "BUY",
        "value": 289.256656,
        "wallet": "terra1nynrxdccq0r9ghrz0sq7tjkkh8wug0ggg4lkzsags8r9dyhf7ypqx5gsr8"
      },
      {
        "amount": 43.026889,
        "baseAmount": 474.191183,
        "baseSymbol": "CWLUNC",
        "pairId": "astro-cwlunc",
        "price": 11.020810335602,
        "sourceContract": "terra1udqrxagr6tu0snr89hcyntj3zm0tjra3pslalsvyq6aczmr7aqtsfyyv48",
        "sourcePairId": "astro-cwlunc",
        "sourceType": "primary",
        "timestamp": "2026-03-04T13:53:08Z",
        "tokenAmount": 43.026889,
        "tokenSymbol": "ASTRO",
        "txhash": "17EA6ECDFC787471853B1332DDA1F9C8A26BECADB859A208FD1DB5C504751CF1",
        "type": "BUY",
        "value": 474.191183,
        "wallet": "terra1nynrxdccq0r9ghrz0sq7tjkkh8wug0ggg4lkzsags8r9dyhf7ypqx5gsr8"
      },
      {
        "amount": 31.953369,
        "baseAmount": 352.125509,
        "baseSymbol": "CWLUNC",
        "pairId": "astro-cwlunc",
        "price": 11.01998067871967,
        "sourceContract": "terra1udqrxagr6tu0snr89hcyntj3zm0tjra3pslalsvyq6aczmr7aqtsfyyv48",
        "sourcePairId": "astro-cwlunc",
        "sourceType": "primary",
        "timestamp": "2026-03-03T06:27:01Z",
        "tokenAmount": 31.953369,
        "tokenSymbol": "ASTRO",
        "txhash": "28781BB55085F1F3784B29A702CE4B31272AD37BBA9F2923ABE33B73915CB56A",
        "type": "BUY",
        "value": 352.125509,
        "wallet": "terra1ghewclqpgu2j2pr76g3m3d945ldfyv58zrucp9"
      },
      {
        "amount": 1075.997366,
        "baseAmount": 11899.474488,
        "baseSymbol": "CWLUNC",
        "pairId": "astro-cwlunc",
        "price": 11.059018231834592,
        "sourceContract": "terra1nujm9zqa4hpaz9s8wrhrp86h3m9xwprjt9kmf9",
        "sourcePairId": "astro-cwlunc-ref-1",
        "sourceType": "reference",
        "timestamp": "2026-02-28T20:15:06Z",
        "tokenAmount": 1075.997366,
        "tokenSymbol": "ASTRO",
        "txhash": "F3752151E8F58E6AEF9F1453B35EDB990721D44BCA8C8E86F0FC28A05278956E",
        "type": "SELL",
        "value": 11899.474488,
        "wallet": "terra1ydeh9exz82qrzw82ycjr6n462u5ldt8m8qt4rh"
      },
      {
        "amount": 88.952907,
        "baseAmount": 1000.0,
        "baseSymbol": "CWLUNC",
        "pairId": "astro-cwlunc",
        "price": 11.241903538914137,
        "sourceContract": "terra1udqrxagr6tu0snr89hcyntj3zm0tjra3pslalsvyq6aczmr7aqtsfyyv48",
        "sourcePairId": "astro-cwlunc",
        "sourceType": "primary",
        "timestamp": "2026-02-28T18:54:14Z",
        "tokenAmount": 88.952907,
        "tokenSymbol": "ASTRO",
        "txhash": "9E4C2352EF8FE9E88D3069A7B45ED0CD391FC0DCF0413F9EBFD649CE80E7F594",
        "type": "BUY",
        "value": 1000.0,
        "wallet": "terra1ghewclqpgu2j2pr76g3m3d945ldfyv58zrucp9"
      },
      {
        "amount": 100.0,
        "baseAmount": 1116.009268,
        "baseSymbol": "CWLUNC",
        "pairId": "astro-cwlunc",
        "price": 11.16009268,
        "sourceContract": "terra1udqrxagr6tu0snr89hcyntj3zm0tjra3pslalsvyq6aczmr7aqtsfyyv48",
        "sourcePairId": "astro-cwlunc",
        "sourceType": "primary",
        "timestamp": "2026-02-28T00:41:13Z",
        "tokenAmount": 100.0,
        "tokenSymbol": "ASTRO",
        "txhash": "22FFE3A8DBF5902D20D7039C4A5CDA0F8352538DD99714369A26F48EF5EA969F",
        "type": "SELL",
        "value": 1116.009268,
        "wallet": "terra1nynrxdccq0r9ghrz0sq7tjkkh8wug0ggg4lkzsags8r9dyhf7ypqx5gsr8"
      },
      {
        "amount": 100.0,
        "baseAmount": 1116.009268,
        "baseSymbol": "CWLUNC",
        "pairId": "astro-cwlunc",
        "price": 11.16009268,
        "sourceContract": "terra1udqrxagr6tu0snr89hcyntj3zm0tjra3pslalsvyq6aczmr7aqtsfyyv48",
        "sourcePairId": "astro-cwlunc",
        "sourceType": "primary",
        "timestamp": "2026-02-28T00:40:34Z",
        "tokenAmount": 100.0,
        "tokenSymbol": "ASTRO",
        "txhash": "AFE80AED212018C6FC3E83508C0E827B5F2301C9942862A53BD79E2B6B53413B",
        "type": "SELL",
        "value": 1116.009268,
        "wallet": "terra1nynrxdccq0r9ghrz0sq7tjkkh8wug0ggg4lkzsags8r9dyhf7ypqx5gsr8"
      },
      {
        "amount": 223.752977,
        "baseAmount": 2517.739249,
        "baseSymbol": "CWLUNC",
        "pairId": "astro-cwlunc",
        "price": 11.25231620493702,
        "sourceContract": "terra1udqrxagr6tu0snr89hcyntj3zm0tjra3pslalsvyq6aczmr7aqtsfyyv48",
        "sourcePairId": "astro-cwlunc",
        "sourceType": "primary",
        "timestamp": "2026-02-28T00:37:47Z",
        "tokenAmount": 223.752977,
        "tokenSymbol": "ASTRO",
        "txhash": "0898AC67D5590C206C0EA458E71E4603A322F7364881F795D88D19CCADEEFB70",
        "type": "BUY",
        "value": 2517.739249,
        "wallet": "terra1nynrxdccq0r9ghrz0sq7tjkkh8wug0ggg4lkzsags8r9dyhf7ypqx5gsr8"
      },
      {
        "amount": 87.52445,
        "baseAmount": 983.931778,
        "baseSymbol": "CWLUNC",
        "pairId": "astro-cwlunc",
        "price": 11.241793327464498,
        "sourceContract": "terra1udqrxagr6tu0snr89hcyntj3zm0tjra3pslalsvyq6aczmr7aqtsfyyv48",
        "sourcePairId": "astro-cwlunc",
        "sourceType": "primary",
        "timestamp": "2026-02-27T13:06:04Z",
        "tokenAmount": 87.52445,
        "tokenSymbol": "ASTRO",
        "txhash": "A382B5381C11ECCB39B6AB1D171E79D38C0D79AB7D068207D537EB51874AB7A8",
        "type": "BUY",
        "value": 983.931778,
        "wallet": "terra1nynrxdccq0r9ghrz0sq7tjkkh8wug0ggg4lkzsags8r9dyhf7ypqx5gsr8"
      },
      {
        "amount": 88.952907,
        "baseAmount": 992.797676,
        "baseSymbol": "CWLUNC",
        "pairId": "astro-cwlunc",
        "price": 11.16093570725013,
        "sourceContract": "terra1udqrxagr6tu0snr89hcyntj3zm0tjra3pslalsvyq6aczmr7aqtsfyyv48",
        "sourcePairId": "astro-cwlunc",
        "sourceType": "primary",
        "timestamp": "2026-02-27T12:59:39Z",
        "tokenAmount": 88.952907,
        "tokenSymbol": "ASTRO",
        "txhash": "2F32EB6868A05A7D15B5211E2FF5E635A33A8A43C1467846EDD038A35B800EC1",
        "type": "SELL",
        "value": 992.797676,
        "wallet": "terra1nynrxdccq0r9ghrz0sq7tjkkh8wug0ggg4lkzsags8r9dyhf7ypqx5gsr8"
      },
      {
        "amount": 88.952907,
        "baseAmount": 1000.0,
        "baseSymbol": "CWLUNC",
        "pairId": "astro-cwlunc",
        "price": 11.241903538914137,
        "sourceContract": "terra1udqrxagr6tu0snr89hcyntj3zm0tjra3pslalsvyq6aczmr7aqtsfyyv48",
        "sourcePairId": "astro-cwlunc",
        "sourceType": "primary",
        "timestamp": "2026-02-27T12:57:44Z",
        "tokenAmount": 88.952907,
        "tokenSymbol": "ASTRO",
        "txhash": "EB0C91500CC2051361B8BD57504DC488D55841E9D4C940ED25784227BD27F323",
        "type": "BUY",
        "value": 1000.0,
        "wallet": "terra177uthd64uudlhk0fpd3dr2m2m3yc4rlp7gk40u"
      }
    ],
    "cwlunc-cwustc": [
      {
        "amount": 4882.605229,
        "baseAmount": 52.0,
        "baseSymbol": "CWUSTC",
        "pairId": "cwlunc-cwustc",
        "price": 0.010650052085134488,
        "sourceContract": "terra1m6ywlgn6wrjuagcmmezzz2a029gtldhey5k552",
        "sourcePairId": "cwlunc-cwustc-ref-2",
        "sourceType": "reference",
        "timestamp": "2026-04-28T17:41:53Z",
        "tokenAmount": 4882.605229,
        "tokenSymbol": "CWLUNC",
        "txhash": "AC446A7E092E4385DDB8CE1D7DFA028719BEDEB9D58E4FECC877AA67FCE5F074",
        "type": "BUY",
        "value": 52.0,
        "wallet": "terra1uddnkhxgh5y3du4xjexj8m306thn4vsagc8hyh"
      },
      {
        "amount": 500.0,
        "baseAmount": 5.317201,
        "baseSymbol": "CWUSTC",
        "pairId": "cwlunc-cwustc",
        "price": 0.010634402,
        "sourceContract": "terra1l7vy20x940je7lskm6x9s839vjsmekz9k9mv7g",
        "sourcePairId": "cwlunc-cwustc-ref-1",
        "sourceType": "reference",
        "timestamp": "2026-04-28T17:34:28Z",
        "tokenAmount": 500.0,
        "tokenSymbol": "CWLUNC",
        "txhash": "42825E1CC4E78A1E625741CD1CF6287FFCE3C1DA6506EE04FF57C0C6592DFC0E",
        "type": "SELL",
        "value": 5.317201,
        "wallet": "terra1the7wgp7fkf6ftmgjfp2v6gw9r06f5ms9rrx4a"
      },
      {
        "amount": 84073.040626,
        "baseAmount": 895.237213,
        "baseSymbol": "CWUSTC",
        "pairId": "cwlunc-cwustc",
        "price": 0.010648326815994133,
        "sourceContract": "terra1m6ywlgn6wrjuagcmmezzz2a029gtldhey5k552",
        "sourcePairId": "cwlunc-cwustc-ref-2",
        "sourceType": "reference",
        "timestamp": "2026-04-28T17:25:10Z",
        "tokenAmount": 84073.040626,
        "tokenSymbol": "CWLUNC",
        "txhash": "D7E543D3DA1F7A133021E6049F939925C45D817AE8B5F33F7913395B751892DF",
        "type": "BUY",
        "value": 895.237213,
        "wallet": "terra1vprsnwl680desaydkpcyhwqfj4yptyxv7572sq"
      },
      {
        "amount": 721260.030527,
        "baseAmount": 7668.9625,
        "baseSymbol": "CWUSTC",
        "pairId": "cwlunc-cwustc",
        "price": 0.010632729078854614,
        "sourceContract": "terra1m6ywlgn6wrjuagcmmezzz2a029gtldhey5k552",
        "sourcePairId": "cwlunc-cwustc-ref-2",
        "sourceType": "reference",
        "timestamp": "2026-04-28T17:19:26Z",
        "tokenAmount": 721260.030527,
        "tokenSymbol": "CWLUNC",
        "txhash": "D42BE562528BF43554C0AE8DBA7F6676CFD2BA4431BDDDF327DEEE2F4D8CBBC9",
        "type": "BUY",
        "value": 7668.9625,
        "wallet": "terra1yq3d4h9g4ncale3mcwuhcfdge8hzjx666umlhg"
      },
      {
        "amount": 2285.935175,
        "baseAmount": 24.455891,
        "baseSymbol": "CWUSTC",
        "pairId": "cwlunc-cwustc",
        "price": 0.010698418427372946,
        "sourceContract": "terra1l7vy20x940je7lskm6x9s839vjsmekz9k9mv7g",
        "sourcePairId": "cwlunc-cwustc-ref-1",
        "sourceType": "reference",
        "timestamp": "2026-04-28T17:04:23Z",
        "tokenAmount": 2285.935175,
        "tokenSymbol": "CWLUNC",
        "txhash": "33917EA46C7180254D0F10C02AD4F19A509DB43BB7A0812DC0745A51B5563EC5",
        "type": "BUY",
        "value": 24.455891,
        "wallet": "terra18taca9x8d4z9a0l0dudtrtye25ykyy2cps2g05"
      },
      {
        "amount": 232948.812451,
        "baseAmount": 2489.755412,
        "baseSymbol": "CWUSTC",
        "pairId": "cwlunc-cwustc",
        "price": 0.01068799358023648,
        "sourceContract": "terra1l7vy20x940je7lskm6x9s839vjsmekz9k9mv7g",
        "sourcePairId": "cwlunc-cwustc-ref-1",
        "sourceType": "reference",
        "timestamp": "2026-04-28T16:59:32Z",
        "tokenAmount": 232948.812451,
        "tokenSymbol": "CWLUNC",
        "txhash": "E267098E0347774084C8213AA11C01CFFDFF3E0E33909AA6ADEB80D8B4AFC6ED",
        "type": "BUY",
        "value": 2489.755412,
        "wallet": "terra1unnx05fmr65f5dldh4s2e9fkqyuw2jave0g5yy"
      },
      {
        "amount": 526.33422,
        "baseAmount": 5.62,
        "baseSymbol": "CWUSTC",
        "pairId": "cwlunc-cwustc",
        "price": 0.01067762609088955,
        "sourceContract": "terra1l7vy20x940je7lskm6x9s839vjsmekz9k9mv7g",
        "sourcePairId": "cwlunc-cwustc-ref-1",
        "sourceType": "reference",
        "timestamp": "2026-04-28T16:51:28Z",
        "tokenAmount": 526.33422,
        "tokenSymbol": "CWLUNC",
        "txhash": "74D0701427F2C6A27E955962BB354358B94D3E479E7B11E55703C985618283C4",
        "type": "BUY",
        "value": 5.62,
        "wallet": "terra1c4n2dwh462k778thupuu2x3m59mn5hts0nhq53"
      },
      {
        "amount": 2808.334281,
        "baseAmount": 29.985929,
        "baseSymbol": "CWUSTC",
        "pairId": "cwlunc-cwustc",
        "price": 0.01067747853340398,
        "sourceContract": "terra1l7vy20x940je7lskm6x9s839vjsmekz9k9mv7g",
        "sourcePairId": "cwlunc-cwustc-ref-1",
        "sourceType": "reference",
        "timestamp": "2026-04-28T16:51:28Z",
        "tokenAmount": 2808.334281,
        "tokenSymbol": "CWLUNC",
        "txhash": "FCD9FF180F5ECD656E8A69666898DD2B565B56E551222E3588B6B7663B47F075",
        "type": "BUY",
        "value": 29.985929,
        "wallet": "terra1lfmpjuz2hqkvw89l3pp0y7z70af0xz74lldg7z"
      },
      {
        "amount": 753.385014,
        "baseAmount": 8.0,
        "baseSymbol": "CWUSTC",
        "pairId": "cwlunc-cwustc",
        "price": 0.010618740552755407,
        "sourceContract": "terra1m6ywlgn6wrjuagcmmezzz2a029gtldhey5k552",
        "sourcePairId": "cwlunc-cwustc-ref-2",
        "sourceType": "reference",
        "timestamp": "2026-04-28T16:47:19Z",
        "tokenAmount": 753.385014,
        "tokenSymbol": "CWLUNC",
        "txhash": "29822FD8895B770F71040C2CCDD9399FF33B1C19EEC1E80220842929081591B5",
        "type": "BUY",
        "value": 8.0,
        "wallet": "terra1dfchjp6gxnhz5v89wcsqfdjlwlx4frelywanhn"
      },
      {
        "amount": 93900.0,
        "baseAmount": 996.983552,
        "baseSymbol": "CWUSTC",
        "pairId": "cwlunc-cwustc",
        "price": 0.010617503216187435,
        "sourceContract": "terra1l7vy20x940je7lskm6x9s839vjsmekz9k9mv7g",
        "sourcePairId": "cwlunc-cwustc-ref-1",
        "sourceType": "reference",
        "timestamp": "2026-04-28T16:45:19Z",
        "tokenAmount": 93900.0,
        "tokenSymbol": "CWLUNC",
        "txhash": "9C11F31DCD37B65C321129EF91BA03E65840759DA2F54BC53D506675E7E79FA4",
        "type": "SELL",
        "value": 996.983552,
        "wallet": "terra1the7wgp7fkf6ftmgjfp2v6gw9r06f5ms9rrx4a"
      },
      {
        "amount": 842.253816,
        "baseAmount": 9.0,
        "baseSymbol": "CWUSTC",
        "pairId": "cwlunc-cwustc",
        "price": 0.01068561498805961,
        "sourceContract": "terra1l7vy20x940je7lskm6x9s839vjsmekz9k9mv7g",
        "sourcePairId": "cwlunc-cwustc-ref-1",
        "sourceType": "reference",
        "timestamp": "2026-04-28T16:39:11Z",
        "tokenAmount": 842.253816,
        "tokenSymbol": "CWLUNC",
        "txhash": "4692931FFED2EB009C30C94DD1932F82E5C7002EC09A3B36928A61128A7B8D86",
        "type": "BUY",
        "value": 9.0,
        "wallet": "terra1cfzy6qeq5zxhyzqkne8tcsphc4r8j9frkvrgqm"
      },
      {
        "amount": 9511.663376,
        "baseAmount": 101.0,
        "baseSymbol": "CWUSTC",
        "pairId": "cwlunc-cwustc",
        "price": 0.010618542310364453,
        "sourceContract": "terra1m6ywlgn6wrjuagcmmezzz2a029gtldhey5k552",
        "sourcePairId": "cwlunc-cwustc-ref-2",
        "sourceType": "reference",
        "timestamp": "2026-04-28T16:34:08Z",
        "tokenAmount": 9511.663376,
        "tokenSymbol": "CWLUNC",
        "txhash": "F2025046DB6DDDE0F9A280120FD46D447F847268A3D47BA8C84E3C63B6D3CEB2",
        "type": "BUY",
        "value": 101.0,
        "wallet": "terra13pkun5qxgkepflw2gj3sgrwy5utcg3e8wjk02m"
      },
      {
        "amount": 75742.560957,
        "baseAmount": 804.150889,
        "baseSymbol": "CWUSTC",
        "pairId": "cwlunc-cwustc",
        "price": 0.010616895954396454,
        "sourceContract": "terra1m6ywlgn6wrjuagcmmezzz2a029gtldhey5k552",
        "sourcePairId": "cwlunc-cwustc-ref-2",
        "sourceType": "reference",
        "timestamp": "2026-04-28T16:18:30Z",
        "tokenAmount": 75742.560957,
        "tokenSymbol": "CWLUNC",
        "txhash": "1AC5012BD18FFD374D26D49C7E3D329C942FD91068DC25B4658913AADD38DBA2",
        "type": "BUY",
        "value": 804.150889,
        "wallet": "terra1h347uvhmyl9pna7h2pzee99jf94tmakmy46se4"
      },
      {
        "amount": 9033.455899,
        "baseAmount": 95.238095,
        "baseSymbol": "CWUSTC",
        "pairId": "cwlunc-cwustc",
        "price": 0.010542819499516548,
        "sourceContract": "terra1dlffujgmvdl7tuv3car5n9asfvvqsrxkdtrc2afvemexvnuy2wnsrf5uy0",
        "sourcePairId": "cwlunc-cwustc-ref-3",
        "sourceType": "reference",
        "timestamp": "2026-04-28T16:18:12Z",
        "tokenAmount": 9033.455899,
        "tokenSymbol": "CWLUNC",
        "txhash": "B861F5321FCD0F2DC0A55798D1BAF0986DDFB93C07BA8FDFACF0B2E0A92D4E3A",
        "type": "BUY",
        "value": 95.238095,
        "wallet": "terra1vzzt4mr4ls6hs30t9n3djtlmguv7y36v7rjnfs4fz99z57uyeqsqt0d2qu"
      },
      {
        "amount": 300000.0,
        "baseAmount": 3190.422311,
        "baseSymbol": "CWUSTC",
        "pairId": "cwlunc-cwustc",
        "price": 0.010634741036666666,
        "sourceContract": "terra1l7vy20x940je7lskm6x9s839vjsmekz9k9mv7g",
        "sourcePairId": "cwlunc-cwustc-ref-1",
        "sourceType": "reference",
        "timestamp": "2026-04-28T15:56:40Z",
        "tokenAmount": 300000.0,
        "tokenSymbol": "CWLUNC",
        "txhash": "03C89291E0C6DD7BEED01D88285CD4C211C638CDCF79030260C111156D007B95",
        "type": "SELL",
        "value": 3190.422311,
        "wallet": "terra1zcer5qyghqvrjxng76ll9nlh4kzqj9ev8se7pw"
      },
      {
        "amount": 3158.13625,
        "baseAmount": 33.83,
        "baseSymbol": "CWUSTC",
        "pairId": "cwlunc-cwustc",
        "price": 0.010712014087422604,
        "sourceContract": "terra1l7vy20x940je7lskm6x9s839vjsmekz9k9mv7g",
        "sourcePairId": "cwlunc-cwustc-ref-1",
        "sourceType": "reference",
        "timestamp": "2026-04-28T15:56:29Z",
        "tokenAmount": 3158.13625,
        "tokenSymbol": "CWLUNC",
        "txhash": "DF16A83FFB059A8284BF2CCAC12D7BBCFB3C826B4C778229342339E61F8E5211",
        "type": "BUY",
        "value": 33.83,
        "wallet": "terra1jg9dzyst8acgnsdxnxupxpp5eqqy2qsjdjz4c3"
      },
      {
        "amount": 444310.185819,
        "baseAmount": 4739.591608,
        "baseSymbol": "CWUSTC",
        "pairId": "cwlunc-cwustc",
        "price": 0.010667303517391747,
        "sourceContract": "terra1l7vy20x940je7lskm6x9s839vjsmekz9k9mv7g",
        "sourcePairId": "cwlunc-cwustc-ref-1",
        "sourceType": "reference",
        "timestamp": "2026-04-28T15:46:48Z",
        "tokenAmount": 444310.185819,
        "tokenSymbol": "CWLUNC",
        "txhash": "78C4F0183697DEC9D8943084B53F8A77B48858B14E2CFA2E19C6414D6E3EED3E",
        "type": "SELL",
        "value": 4739.591608,
        "wallet": "terra1q7a9kg5xusufjfjp3v8ghsc7urfrlj8m99hlwh"
      },
      {
        "amount": 761904.761904,
        "baseAmount": 7956.757339,
        "baseSymbol": "CWUSTC",
        "pairId": "cwlunc-cwustc",
        "price": 0.010443244007447944,
        "sourceContract": "terra1dlffujgmvdl7tuv3car5n9asfvvqsrxkdtrc2afvemexvnuy2wnsrf5uy0",
        "sourcePairId": "cwlunc-cwustc-ref-3",
        "sourceType": "reference",
        "timestamp": "2026-04-28T15:46:42Z",
        "tokenAmount": 761904.761904,
        "tokenSymbol": "CWLUNC",
        "txhash": "13D2D6975BEA3C19C33024935CC94DD8FC498DC12D17C19BB3AFACB3D9A702C7",
        "type": "SELL",
        "value": 7956.757339,
        "wallet": "terra1vzzt4mr4ls6hs30t9n3djtlmguv7y36v7rjnfs4fz99z57uyeqsqt0d2qu"
      },
      {
        "amount": 565.364367,
        "baseAmount": 6.078453,
        "baseSymbol": "CWUSTC",
        "pairId": "cwlunc-cwustc",
        "price": 0.010751390350711649,
        "sourceContract": "terra1l7vy20x940je7lskm6x9s839vjsmekz9k9mv7g",
        "sourcePairId": "cwlunc-cwustc-ref-1",
        "sourceType": "reference",
        "timestamp": "2026-04-28T15:33:46Z",
        "tokenAmount": 565.364367,
        "tokenSymbol": "CWLUNC",
        "txhash": "15D9234AE24F53320F2009738D0E75A2550D181445FF9B40A9EA4BB604D41468",
        "type": "BUY",
        "value": 6.078453,
        "wallet": "terra1sx0rjpjwe3jc2t3r2qttz9ta3sdsc9zhrfdlfn"
      },
      {
        "amount": 14130.736217,
        "baseAmount": 150.0,
        "baseSymbol": "CWUSTC",
        "pairId": "cwlunc-cwustc",
        "price": 0.010615158169858292,
        "sourceContract": "terra1m6ywlgn6wrjuagcmmezzz2a029gtldhey5k552",
        "sourcePairId": "cwlunc-cwustc-ref-2",
        "sourceType": "reference",
        "timestamp": "2026-04-28T15:33:46Z",
        "tokenAmount": 14130.736217,
        "tokenSymbol": "CWLUNC",
        "txhash": "7CB6FFF65223BE8D0628BA0801D25F137383DEF73423D648062066002D40C415",
        "type": "BUY",
        "value": 150.0,
        "wallet": "terra1uddnkhxgh5y3du4xjexj8m306thn4vsagc8hyh"
      },
      {
        "amount": 144000.0,
        "baseAmount": 1539.840208,
        "baseSymbol": "CWUSTC",
        "pairId": "cwlunc-cwustc",
        "price": 0.010693334777777778,
        "sourceContract": "terra1l7vy20x940je7lskm6x9s839vjsmekz9k9mv7g",
        "sourcePairId": "cwlunc-cwustc-ref-1",
        "sourceType": "reference",
        "timestamp": "2026-04-28T15:23:47Z",
        "tokenAmount": 144000.0,
        "tokenSymbol": "CWLUNC",
        "txhash": "306866FB9A5781309B8CFEFA2151185E3F749D00BAE87EA4FD066481B3F67556",
        "type": "SELL",
        "value": 1539.840208,
        "wallet": "terra17cmfs3rqupvep3x4y24nglh38vxtr75c08h27f"
      },
      {
        "amount": 106012.25132,
        "baseAmount": 1125.090986,
        "baseSymbol": "CWUSTC",
        "pairId": "cwlunc-cwustc",
        "price": 0.010612839289714652,
        "sourceContract": "terra1m6ywlgn6wrjuagcmmezzz2a029gtldhey5k552",
        "sourcePairId": "cwlunc-cwustc-ref-2",
        "sourceType": "reference",
        "timestamp": "2026-04-28T15:21:26Z",
        "tokenAmount": 106012.25132,
        "tokenSymbol": "CWLUNC",
        "txhash": "D1D1595974657B9EBA229DAD16B0C107AFE450795F2314F87EC6EC095A374FD7",
        "type": "BUY",
        "value": 1125.090986,
        "wallet": "terra1aykq3c7zzecr5g26qa3em5gyttr0v4rnfpmchl"
      },
      {
        "amount": 4419.368439,
        "baseAmount": 47.570213,
        "baseSymbol": "CWUSTC",
        "pairId": "cwlunc-cwustc",
        "price": 0.01076402966998697,
        "sourceContract": "terra1l7vy20x940je7lskm6x9s839vjsmekz9k9mv7g",
        "sourcePairId": "cwlunc-cwustc-ref-1",
        "sourceType": "reference",
        "timestamp": "2026-04-28T15:01:53Z",
        "tokenAmount": 4419.368439,
        "tokenSymbol": "CWLUNC",
        "txhash": "9D6CDD7BC70D4C82A3BFCE9734AFA7C2D2B48959B2017E8E476FAD0A55E7EFBF",
        "type": "BUY",
        "value": 47.570213,
        "wallet": "terra1405l4fn5h7fzsrum80f6wg5atunrs72eg79p93"
      },
      {
        "amount": 1507.903171,
        "baseAmount": 16.0,
        "baseSymbol": "CWUSTC",
        "pairId": "cwlunc-cwustc",
        "price": 0.010610760894805494,
        "sourceContract": "terra1m6ywlgn6wrjuagcmmezzz2a029gtldhey5k552",
        "sourcePairId": "cwlunc-cwustc-ref-2",
        "sourceType": "reference",
        "timestamp": "2026-04-28T14:57:56Z",
        "tokenAmount": 1507.903171,
        "tokenSymbol": "CWLUNC",
        "txhash": "BA615528EF56D98AF1D0E0029AC3727DD8809DD8FA30DF2DE68B2AA5920AD3A5",
        "type": "BUY",
        "value": 16.0,
        "wallet": "terra184wm70q6se2q4z3wgkxhg5a8plue7a9qutez0s"
      },
      {
        "amount": 30823.008943,
        "baseAmount": 329.828164,
        "baseSymbol": "CWUSTC",
        "pairId": "cwlunc-cwustc",
        "price": 0.010700712724378747,
        "sourceContract": "terra1l7vy20x940je7lskm6x9s839vjsmekz9k9mv7g",
        "sourcePairId": "cwlunc-cwustc-ref-1",
        "sourceType": "reference",
        "timestamp": "2026-04-28T14:55:34Z",
        "tokenAmount": 30823.008943,
        "tokenSymbol": "CWLUNC",
        "txhash": "E90ED1043EE79C831FE25ED75B33BE83B1F39C2E7C9E443C944BEBC4C5C565D6",
        "type": "SELL",
        "value": 329.828164,
        "wallet": "terra1q7a9kg5xusufjfjp3v8ghsc7urfrlj8m99hlwh"
      },
      {
        "amount": 200000.0,
        "baseAmount": 2142.19367,
        "baseSymbol": "CWUSTC",
        "pairId": "cwlunc-cwustc",
        "price": 0.01071096835,
        "sourceContract": "terra1l7vy20x940je7lskm6x9s839vjsmekz9k9mv7g",
        "sourcePairId": "cwlunc-cwustc-ref-1",
        "sourceType": "reference",
        "timestamp": "2026-04-28T14:54:22Z",
        "tokenAmount": 200000.0,
        "tokenSymbol": "CWLUNC",
        "txhash": "D48A4DB0763656578265519637EA14C14E7CDD8259133553BE705CD54162669C",
        "type": "SELL",
        "value": 2142.19367,
        "wallet": "terra1r2w86sltj9vx8curzhlytsnfqa9wpfxn6xr8ud"
      },
      {
        "amount": 588861.953417,
        "baseAmount": 6327.999071,
        "baseSymbol": "CWUSTC",
        "pairId": "cwlunc-cwustc",
        "price": 0.010746150323145185,
        "sourceContract": "terra1l7vy20x940je7lskm6x9s839vjsmekz9k9mv7g",
        "sourcePairId": "cwlunc-cwustc-ref-1",
        "sourceType": "reference",
        "timestamp": "2026-04-28T14:46:28Z",
        "tokenAmount": 588861.953417,
        "tokenSymbol": "CWLUNC",
        "txhash": "80507EDF957742D3B3B7DB56125900822C962D321CC38BA243B55BCD81E430AD",
        "type": "SELL",
        "value": 6327.999071,
        "wallet": "terra1q7a9kg5xusufjfjp3v8ghsc7urfrlj8m99hlwh"
      },
      {
        "amount": 928056.881813,
        "baseAmount": 10019.0,
        "baseSymbol": "CWUSTC",
        "pairId": "cwlunc-cwustc",
        "price": 0.010795674485412406,
        "sourceContract": "terra1l7vy20x940je7lskm6x9s839vjsmekz9k9mv7g",
        "sourcePairId": "cwlunc-cwustc-ref-1",
        "sourceType": "reference",
        "timestamp": "2026-04-28T14:46:28Z",
        "tokenAmount": 928056.881813,
        "tokenSymbol": "CWLUNC",
        "txhash": "5A4224A2C5BBE28176FAF1D9670707D0251373DB4977D109645E0EDC7722FCA4",
        "type": "BUY",
        "value": 10019.0,
        "wallet": "terra13jl6gszvg9s6v4vfzczlnqcf6ra20jvn5gy62r"
      },
      {
        "amount": 84176.971122,
        "baseAmount": 900.121474,
        "baseSymbol": "CWUSTC",
        "pairId": "cwlunc-cwustc",
        "price": 0.010693203402334699,
        "sourceContract": "terra1l7vy20x940je7lskm6x9s839vjsmekz9k9mv7g",
        "sourcePairId": "cwlunc-cwustc-ref-1",
        "sourceType": "reference",
        "timestamp": "2026-04-28T14:45:35Z",
        "tokenAmount": 84176.971122,
        "tokenSymbol": "CWLUNC",
        "txhash": "D30B8A7DEAD900A6276018A45FDF0870AA337BE592C926E2CACDD71352C6D330",
        "type": "SELL",
        "value": 900.121474,
        "wallet": "terra1q7a9kg5xusufjfjp3v8ghsc7urfrlj8m99hlwh"
      },
      {
        "amount": 1245922.648872,
        "baseAmount": 13396.771346,
        "baseSymbol": "CWUSTC",
        "pairId": "cwlunc-cwustc",
        "price": 0.010752490419954087,
        "sourceContract": "terra1l7vy20x940je7lskm6x9s839vjsmekz9k9mv7g",
        "sourcePairId": "cwlunc-cwustc-ref-1",
        "sourceType": "reference",
        "timestamp": "2026-04-28T14:45:29Z",
        "tokenAmount": 1245922.648872,
        "tokenSymbol": "CWLUNC",
        "txhash": "B2C18DA9422A289C1F6FFA3C4F27CDBAB35681D82638C89AF29921AD55476C62",
        "type": "SELL",
        "value": 13396.771346,
        "wallet": "terra1q7a9kg5xusufjfjp3v8ghsc7urfrlj8m99hlwh"
      },
      {
        "amount": 3736073.427066,
        "baseAmount": 40000.0,
        "baseSymbol": "CWUSTC",
        "pairId": "cwlunc-cwustc",
        "price": 0.010706427692298504,
        "sourceContract": "terra1l7vy20x940je7lskm6x9s839vjsmekz9k9mv7g",
        "sourcePairId": "cwlunc-cwustc-ref-1",
        "sourceType": "reference",
        "timestamp": "2026-04-28T14:45:29Z",
        "tokenAmount": 3736073.427066,
        "tokenSymbol": "CWLUNC",
        "txhash": "43DF0BD2A4CB41891585C2F5EA2EB4A73D9F3E4BFDE287C8C493E9CBFC1CF81D",
        "type": "BUY",
        "value": 40000.0,
        "wallet": "terra13jl6gszvg9s6v4vfzczlnqcf6ra20jvn5gy62r"
      },
      {
        "amount": 6802.397438,
        "baseAmount": 71.695531,
        "baseSymbol": "CWUSTC",
        "pairId": "cwlunc-cwustc",
        "price": 0.010539744502355848,
        "sourceContract": "terra1m6ywlgn6wrjuagcmmezzz2a029gtldhey5k552",
        "sourcePairId": "cwlunc-cwustc-ref-2",
        "sourceType": "reference",
        "timestamp": "2026-04-28T14:44:00Z",
        "tokenAmount": 6802.397438,
        "tokenSymbol": "CWLUNC",
        "txhash": "D63547D6B5A8D1D80CBC084D080FCFA9715C3E5DAE72F0BCA32FC5C652B30318",
        "type": "BUY",
        "value": 71.695531,
        "wallet": "terra1g9dngkr7wfhqe2dllg5f0lh6u5ey3u8va5hcma"
      },
      {
        "amount": 9486.870247,
        "baseAmount": 100.0,
        "baseSymbol": "CWUSTC",
        "pairId": "cwlunc-cwustc",
        "price": 0.01054088412684074,
        "sourceContract": "terra1l7vy20x940je7lskm6x9s839vjsmekz9k9mv7g",
        "sourcePairId": "cwlunc-cwustc-ref-1",
        "sourceType": "reference",
        "timestamp": "2026-04-28T14:33:24Z",
        "tokenAmount": 9486.870247,
        "tokenSymbol": "CWLUNC",
        "txhash": "B48687BBBE95C5B73859A74DDE6D8A1BB89A5A776E4F80DBAB8D9A1CC914C02A",
        "type": "BUY",
        "value": 100.0,
        "wallet": "terra1g3zc8lwwmkrm0cz9wkgl849pdqaw6cq8lh7872"
      },
      {
        "amount": 192880.516153,
        "baseAmount": 2032.176121,
        "baseSymbol": "CWUSTC",
        "pairId": "cwlunc-cwustc",
        "price": 0.010535932615339966,
        "sourceContract": "terra1m6ywlgn6wrjuagcmmezzz2a029gtldhey5k552",
        "sourcePairId": "cwlunc-cwustc-ref-2",
        "sourceType": "reference",
        "timestamp": "2026-04-28T14:27:35Z",
        "tokenAmount": 192880.516153,
        "tokenSymbol": "CWLUNC",
        "txhash": "93BE0C6C00AE10ED26BCED03087EE5EA37CB2AD3FB3C10D61DDD4CACA789DF40",
        "type": "BUY",
        "value": 2032.176121,
        "wallet": "terra1ak9s7ugpaurevr7myydqa6yae7856wf3089neh"
      },
      {
        "amount": 192689.071814,
        "baseAmount": 2028.74049,
        "baseSymbol": "CWUSTC",
        "pairId": "cwlunc-cwustc",
        "price": 0.010528570566567023,
        "sourceContract": "terra1m6ywlgn6wrjuagcmmezzz2a029gtldhey5k552",
        "sourcePairId": "cwlunc-cwustc-ref-2",
        "sourceType": "reference",
        "timestamp": "2026-04-28T14:27:05Z",
        "tokenAmount": 192689.071814,
        "tokenSymbol": "CWLUNC",
        "txhash": "C66B3A88A77F3EFAEF2F9D10330985F1FB3A52A9E4CD98F0D9217EF343A62D27",
        "type": "BUY",
        "value": 2028.74049,
        "wallet": "terra1ak9s7ugpaurevr7myydqa6yae7856wf3089neh"
      },
      {
        "amount": 192624.105873,
        "baseAmount": 2028.74049,
        "baseSymbol": "CWUSTC",
        "pairId": "cwlunc-cwustc",
        "price": 0.01053212151618022,
        "sourceContract": "terra1l7vy20x940je7lskm6x9s839vjsmekz9k9mv7g",
        "sourcePairId": "cwlunc-cwustc-ref-1",
        "sourceType": "reference",
        "timestamp": "2026-04-28T14:26:59Z",
        "tokenAmount": 192624.105873,
        "tokenSymbol": "CWLUNC",
        "txhash": "F4C0EDCDD52059138ED6B7ED05B3E5D73EAD43A76D8460CEA638CFDBA9DB1639",
        "type": "BUY",
        "value": 2028.74049,
        "wallet": "terra1ak9s7ugpaurevr7myydqa6yae7856wf3089neh"
      },
      {
        "amount": 192368.273114,
        "baseAmount": 2023.950075,
        "baseSymbol": "CWUSTC",
        "pairId": "cwlunc-cwustc",
        "price": 0.010521225991359708,
        "sourceContract": "terra1m6ywlgn6wrjuagcmmezzz2a029gtldhey5k552",
        "sourcePairId": "cwlunc-cwustc-ref-2",
        "sourceType": "reference",
        "timestamp": "2026-04-28T14:26:36Z",
        "tokenAmount": 192368.273114,
        "tokenSymbol": "CWLUNC",
        "txhash": "92A6A634FE44C3F09996FB72133056A96A970B23A6E015F0D262AC508F4C3DC9",
        "type": "BUY",
        "value": 2023.950075,
        "wallet": "terra1ak9s7ugpaurevr7myydqa6yae7856wf3089neh"
      },
      {
        "amount": 192469.974202,
        "baseAmount": 2023.608768,
        "baseSymbol": "CWUSTC",
        "pairId": "cwlunc-cwustc",
        "price": 0.010513893278107854,
        "sourceContract": "terra1m6ywlgn6wrjuagcmmezzz2a029gtldhey5k552",
        "sourcePairId": "cwlunc-cwustc-ref-2",
        "sourceType": "reference",
        "timestamp": "2026-04-28T14:20:06Z",
        "tokenAmount": 192469.974202,
        "tokenSymbol": "CWLUNC",
        "txhash": "517EEEB39FD13748C20431604D9B084F1C8232219A94F3EF14E6AE990E0E202D",
        "type": "BUY",
        "value": 2023.608768,
        "wallet": "terra1ak9s7ugpaurevr7myydqa6yae7856wf3089neh"
      },
      {
        "amount": 6890.712308,
        "baseAmount": 72.514101,
        "baseSymbol": "CWUSTC",
        "pairId": "cwlunc-cwustc",
        "price": 0.01052345501579167,
        "sourceContract": "terra1l7vy20x940je7lskm6x9s839vjsmekz9k9mv7g",
        "sourcePairId": "cwlunc-cwustc-ref-1",
        "sourceType": "reference",
        "timestamp": "2026-04-28T14:11:24Z",
        "tokenAmount": 6890.712308,
        "tokenSymbol": "CWLUNC",
        "txhash": "E0C31B11477603C75F0872B2A584EE87A1B0F5E08062664E2219DB8D68C7795B",
        "type": "BUY",
        "value": 72.514101,
        "wallet": "terra1v3uv262c3tqzkvwgte65e440cu4kwqyf6pzhce"
      },
      {
        "amount": 193485.514002,
        "baseAmount": 2032.864645,
        "baseSymbol": "CWUSTC",
        "pairId": "cwlunc-cwustc",
        "price": 0.010506546991311127,
        "sourceContract": "terra1m6ywlgn6wrjuagcmmezzz2a029gtldhey5k552",
        "sourcePairId": "cwlunc-cwustc-ref-2",
        "sourceType": "reference",
        "timestamp": "2026-04-28T14:00:12Z",
        "tokenAmount": 193485.514002,
        "tokenSymbol": "CWLUNC",
        "txhash": "1AD080CA803EE9C1AB1C209CFC27E0220524EECA737F952E4D312A897DD66BDC",
        "type": "BUY",
        "value": 2032.864645,
        "wallet": "terra1ak9s7ugpaurevr7myydqa6yae7856wf3089neh"
      },
      {
        "amount": 193621.157664,
        "baseAmount": 2032.864645,
        "baseSymbol": "CWUSTC",
        "pairId": "cwlunc-cwustc",
        "price": 0.010499186501754765,
        "sourceContract": "terra1m6ywlgn6wrjuagcmmezzz2a029gtldhey5k552",
        "sourcePairId": "cwlunc-cwustc-ref-2",
        "sourceType": "reference",
        "timestamp": "2026-04-28T14:00:00Z",
        "tokenAmount": 193621.157664,
        "tokenSymbol": "CWLUNC",
        "txhash": "44C8C2D2DD03D7666EDC652F35001398FD4AA444146865575594C84FC7AAD76D",
        "type": "BUY",
        "value": 2032.864645,
        "wallet": "terra1ak9s7ugpaurevr7myydqa6yae7856wf3089neh"
      },
      {
        "amount": 193756.944063,
        "baseAmount": 2032.864645,
        "baseSymbol": "CWUSTC",
        "pairId": "cwlunc-cwustc",
        "price": 0.01049182858880668,
        "sourceContract": "terra1m6ywlgn6wrjuagcmmezzz2a029gtldhey5k552",
        "sourcePairId": "cwlunc-cwustc-ref-2",
        "sourceType": "reference",
        "timestamp": "2026-04-28T13:59:54Z",
        "tokenAmount": 193756.944063,
        "tokenSymbol": "CWLUNC",
        "txhash": "85546B7E06119B7DFFDCEE16491D4F685F220A96F58F88487D397E646B0BD98C",
        "type": "BUY",
        "value": 2032.864645,
        "wallet": "terra1ak9s7ugpaurevr7myydqa6yae7856wf3089neh"
      },
      {
        "amount": 193432.105178,
        "baseAmount": 2033.898305,
        "baseSymbol": "CWUSTC",
        "pairId": "cwlunc-cwustc",
        "price": 0.010514791756665042,
        "sourceContract": "terra1l7vy20x940je7lskm6x9s839vjsmekz9k9mv7g",
        "sourcePairId": "cwlunc-cwustc-ref-1",
        "sourceType": "reference",
        "timestamp": "2026-04-28T13:59:36Z",
        "tokenAmount": 193432.105178,
        "tokenSymbol": "CWLUNC",
        "txhash": "8A8E0D18926A9B49D90C41D64A923D24981CE51F8ED0D63E7B0C3DB2D34B34D9",
        "type": "BUY",
        "value": 2033.898305,
        "wallet": "terra1ak9s7ugpaurevr7myydqa6yae7856wf3089neh"
      },
      {
        "amount": 193740.551484,
        "baseAmount": 2033.898305,
        "baseSymbol": "CWUSTC",
        "pairId": "cwlunc-cwustc",
        "price": 0.010498051592301619,
        "sourceContract": "terra1l7vy20x940je7lskm6x9s839vjsmekz9k9mv7g",
        "sourcePairId": "cwlunc-cwustc-ref-1",
        "sourceType": "reference",
        "timestamp": "2026-04-28T13:59:30Z",
        "tokenAmount": 193740.551484,
        "tokenSymbol": "CWLUNC",
        "txhash": "DB7A5427D49549038A06BB505A2A2824F2F60CFD7CAADAB38EA73D0EE11B42A4",
        "type": "BUY",
        "value": 2033.898305,
        "wallet": "terra1ak9s7ugpaurevr7myydqa6yae7856wf3089neh"
      },
      {
        "amount": 194346.433319,
        "baseAmount": 2037.005601,
        "baseSymbol": "CWUSTC",
        "pairId": "cwlunc-cwustc",
        "price": 0.010481311986088582,
        "sourceContract": "terra1l7vy20x940je7lskm6x9s839vjsmekz9k9mv7g",
        "sourcePairId": "cwlunc-cwustc-ref-1",
        "sourceType": "reference",
        "timestamp": "2026-04-28T13:59:24Z",
        "tokenAmount": 194346.433319,
        "tokenSymbol": "CWLUNC",
        "txhash": "45BF8DE69FC4A237CD39756BD7CEFD99344456D6B7DCD715E59518CE89798B74",
        "type": "BUY",
        "value": 2037.005601,
        "wallet": "terra1ak9s7ugpaurevr7myydqa6yae7856wf3089neh"
      },
      {
        "amount": 194618.454612,
        "baseAmount": 2040.469307,
        "baseSymbol": "CWUSTC",
        "pairId": "cwlunc-cwustc",
        "price": 0.01048445950857009,
        "sourceContract": "terra1m6ywlgn6wrjuagcmmezzz2a029gtldhey5k552",
        "sourcePairId": "cwlunc-cwustc-ref-2",
        "sourceType": "reference",
        "timestamp": "2026-04-28T13:56:44Z",
        "tokenAmount": 194618.454612,
        "tokenSymbol": "CWLUNC",
        "txhash": "AE9E4D7A128C3BA5C4118265935D503E35BF254EFCDA55F5B2200A01220DBAEF",
        "type": "BUY",
        "value": 2040.469307,
        "wallet": "terra1ak9s7ugpaurevr7myydqa6yae7856wf3089neh"
      },
      {
        "amount": 194788.680974,
        "baseAmount": 2040.816326,
        "baseSymbol": "CWUSTC",
        "pairId": "cwlunc-cwustc",
        "price": 0.01047707862590026,
        "sourceContract": "terra1m6ywlgn6wrjuagcmmezzz2a029gtldhey5k552",
        "sourcePairId": "cwlunc-cwustc-ref-2",
        "sourceType": "reference",
        "timestamp": "2026-04-28T13:56:32Z",
        "tokenAmount": 194788.680974,
        "tokenSymbol": "CWLUNC",
        "txhash": "E558E1CF5C6881427BC819D44DA94D2E27B74B8CC397B19C28B05420A2F527C0",
        "type": "BUY",
        "value": 2040.816326,
        "wallet": "terra1ak9s7ugpaurevr7myydqa6yae7856wf3089neh"
      },
      {
        "amount": 194892.808872,
        "baseAmount": 2040.469307,
        "baseSymbol": "CWUSTC",
        "pairId": "cwlunc-cwustc",
        "price": 0.01046970033840562,
        "sourceContract": "terra1m6ywlgn6wrjuagcmmezzz2a029gtldhey5k552",
        "sourcePairId": "cwlunc-cwustc-ref-2",
        "sourceType": "reference",
        "timestamp": "2026-04-28T13:56:26Z",
        "tokenAmount": 194892.808872,
        "tokenSymbol": "CWLUNC",
        "txhash": "1330AC380F83C553B09A65AFAFAA2273F1E57C023BC4FA09E65C1199CC571CBD",
        "type": "BUY",
        "value": 2040.469307,
        "wallet": "terra1ak9s7ugpaurevr7myydqa6yae7856wf3089neh"
      },
      {
        "amount": 195030.191989,
        "baseAmount": 2040.469307,
        "baseSymbol": "CWUSTC",
        "pairId": "cwlunc-cwustc",
        "price": 0.010462325274822503,
        "sourceContract": "terra1m6ywlgn6wrjuagcmmezzz2a029gtldhey5k552",
        "sourcePairId": "cwlunc-cwustc-ref-2",
        "sourceType": "reference",
        "timestamp": "2026-04-28T13:56:20Z",
        "tokenAmount": 195030.191989,
        "tokenSymbol": "CWLUNC",
        "txhash": "0D722E705A772D255F44C1D94ED2B9F0BA83BD44804F0BC552B1D49BC92584E2",
        "type": "BUY",
        "value": 2040.469307,
        "wallet": "terra1ak9s7ugpaurevr7myydqa6yae7856wf3089neh"
      },
      {
        "amount": 195021.7545,
        "baseAmount": 2040.816326,
        "baseSymbol": "CWUSTC",
        "pairId": "cwlunc-cwustc",
        "price": 0.010464557306605504,
        "sourceContract": "terra1l7vy20x940je7lskm6x9s839vjsmekz9k9mv7g",
        "sourcePairId": "cwlunc-cwustc-ref-1",
        "sourceType": "reference",
        "timestamp": "2026-04-28T13:56:09Z",
        "tokenAmount": 195021.7545,
        "tokenSymbol": "CWLUNC",
        "txhash": "969663FE069173000A4E7DEA226F7A1F3A40D02FA21963A038A0E3440C343FC6",
        "type": "BUY",
        "value": 2040.816326,
        "wallet": "terra1ak9s7ugpaurevr7myydqa6yae7856wf3089neh"
      }
    ],
    "cwlunc-lunc": [
      {
        "amount": 1000.0,
        "baseAmount": 1000.0,
        "baseSymbol": "LUNC",
        "pairId": "cwlunc-lunc",
        "price": 1.0,
